3417 4934
360 441 401 501 86
825 436 981 495 Peraean

347 661 348 665 ,
448 622 494 677 est
508 614 588 675 lavor
603 614 635 675 in
651 614 758 693 pretio.
787 613 911 677 senibus
926 632 1047 694 quoque
1061 613 1154 675 libera
1169 614 1264 678 virtus

416 747 417 751 ,
447 699 606 773 exciderat,
621 699 792 779 sparsisque
808 698 917 779 opibus
926 714 1074 761 conversa
1089 709 1222 786 potestas

447 786 572 865 ipsaque
588 786 725 846 maiestas
738 802 812 845 auro
828 794 971 865 corrupta
985 786 1110 847 iacebat.

403 879 433 929 ⁴5
447 870 567 950 pellitur
582 888 599 931 a
614 870 728 950 populo
743 870 839 932 victus
855 869 941 945 Cato;
957 870 1071 932 tristior
1085 869 1134 931 ille
1150 877 1204 943 est,

447 956 499 1035 qui
514 954 592 1029 vicit,
607 956 763 1034 fascesque
777 954 872 1035 pudet
885 956 1020 1035 rapuisse
1036 955 1150 1017 Catoni.

447 1058 576 1120 namque
592 1074 633 1085 —
649 1041 706 1102 hoc
722 1040 876 1102 dedecoris
891 1040 1004 1121 populo
1019 1058 1198 1120 morumque
1212 1040 1300 1102 ruina
1314 1058 1353 1088 '-

426 1146 429 1153 ·
447 1145 509 1188 non
526 1127 617 1187 homo
632 1125 737 1205 pulsus
752 1134 826 1199 erat,
840 1125 893 1187 sed
909 1126 940 1187 in
953 1144 1015 1187 uno
1029 1127 1105 1187 victa
1121 1134 1253 1205 potestas

446 1211 676 1290 Romanumque
692 1211 792 1273 decus.
823 1228 916 1289 quare
930 1220 990 1272 um
1006 1212 1121 1291 perdita
1136 1210 1231 1273 Roma

401 1304 433 1355 oo
446 1298 511 1377 ipsa
526 1297 572 1358 sui
587 1313 703 1358 merces
717 1304 782 1357 erat
797 1304 827 1356 et
840 1296 907 1358 sine
921 1297 1037 1358 vindice
1052 1296 1171 1376 praeda.

446 1389 601 1462 praeterea
618 1380 738 1462 gemino
753 1380 932 1461 deprensam
947 1382 1065 1462 gurgite
1081 1380 1199 1461 plebem

446 1466 578 1529 faenoris
593 1466 708 1528 illuvies
722 1484 855 1545 ususque
872 1466 1010 1528 exederat
1024 1467 1110 1532 aeris.

447 1552 527 1615 nulla
544 1559 590 1614 est
605 1560 686 1613 certa
701 1551 817 1625 domus,
834 1551 949 1614 nullum
964 1553 1032 1614 sine
1046 1552 1174 1632 pignore
1189 1570 1311 1633 corpus,

446 1639 497 1700 sed
513 1636 603 1698 veluti
618 1637 701 1699 tabes
716 1637 812 1698 tacitis
827 1646 974 1717 concepta
989 1637 1126 1700 medullis

401 1730 431 1780 55
444 1724 523 1784 intra
538 1721 671 1783 membra
687 1722 791 1783 furens
806 1723 886 1785 curis
901 1722 1076 1785 latrantibus
1091 1732 1180 1785 errat.

444 1825 525 1868 arma
539 1806 660 1887 placent
673 1807 797 1881 miseris,
812 1806 977 1887 detritaque
992 1809 1147 1869 commoda
1161 1809 1235 1870 luxu

443 1892 619 1954 vulneribus
633 1901 821 1971 reparantur.
851 1893 941 1973 inops
955 1892 1076 1955 audacia
1089 1902 1152 1954 tuta
1168 1901 1223 1955 est

443 1980 503 2040 hoc
517 1995 644 2039 mersam
660 1996 755 2039 caeno
770 1978 897 2040 Romam
912 1997 1081 2059 somnoque
1095 1978 1243 2040 iacentem

446 2082 522 2144 quae
536 2071 677 2142 poterant
691 2071 770 2124 artes
784 2081 854 2124 sana
871 2064 987 2125 ratione
1002 2081 1130 2138 morere,

400 2156 431 2206 tt
446 2150 476 2210 ni
492 2149 579 2209 furor
594 2156 623 2209 et
637 2147 749 2210 bellum
765 2149 907 2228 ferroque
924 2149 1018 2211 excita
1033 2147 1149 2211 libido?

290 2228 354 2298 120
489 2242 551 2295 tres
565 2232 673 2294 tulerat
688 2232 820 2294 Fortuna
836 2234 937 2307 duces,
953 2252 1029 2313 quos
1045 2233 1146 2296 obruit
1161 2252 1267 2297 omnes

444 2335 594 2380 armorum
610 2327 692 2379 strue
707 2317 936 2381 diversaleralis
950 2319 1046 2399 Enyo.

445 2404 582 2467 Crassum
597 2403 725 2465 Parthus
738 2402 838 2479 habet,
853 2403 966 2485 libyco
982 2406 1057 2467 iacet
1072 2422 1203 2485 aequore
1217 2405 1351 2488 Magnus,

443 2489 536 2551 Iulius
550 2490 696 2569 ingratam
711 2489 842 2569 pertudit
856 2491 1002 2569 sanguine
1019 2490 1154 2565 Romam,

399 2582 429 2633 65
444 2584 475 2637 et
489 2574 573 2654 quasi
588 2593 652 2635 non
668 2583 770 2654 posset
784 2582 830 2637 tot
844 2574 934 2636 tellus
949 2577 1028 2637 terre
1043 2576 1192 2661 sepulcra,

407 2686 409 2690 ⁴
443 2661 542 2724 divisit
556 2660 682 2722 cineres.
712 2660 767 2723 hos
781 2660 875 2741 gloria
890 2660 987 2722 reddit
1001 2662 1142 2725 honores.

404 2767 406 2771 ⁴
430 2791 432 2796 -
486 2755 533 2808 est
546 2746 631 2808 locus
645 2745 745 2807 exciso
760 2746 883 2826 penitus
897 2746 1051 2808 demersus
1065 2747 1147 2808 hiatu

443 2831 654 2911 Parthenopen
671 2831 751 2892 inter
765 2848 951 2911 magnaeque
967 2831 1158 2894 Dicarchidos
1172 2849 1249 2900 arva,

443 2915 545 2997 Cocyti
561 2917 700 2995 pertusus
715 2934 810 2995 aqua;
826 2933 895 2977 nam
911 2916 1043 2995 spiritus,
1059 2925 1140 2978 extra

399 3010 429 3059 to
444 3001 496 3081 qni
510 3001 584 3062 furit
598 3000 720 3072 effusus,
736 3001 856 3062 funesto
871 3001 1021 3081 spargitur
1035 3010 1128 3063 aestu.

443 3104 507 3147 non
523 3086 597 3147 haec
612 3094 757 3147 autumno
772 3085 861 3148 tellus
875 3087 950 3148 viret
965 3095 1016 3147 aut
1030 3086 1081 3148 alit
1094 3084 1202 3149 herbas

443 3170 573 3251 caespite
588 3170 683 3232 laetus
699 3189 779 3250 ager,
795 3189 857 3232 non
872 3189 966 3233 verno
982 3190 1111 3253 persona
1125 3179 1215 3234 cantu

421 3260 424 3266 ’
441 3254 542 3317 mollia
555 3256 683 3318 discordi
698 3256 825 3336 strepitu
839 3256 965 3335 virgulta
978 3258 1128 3332 locuntur,
1215 3299 1217 3302 .

440 3341 493 3404 sed
509 3342 599 3403 chaos
614 3349 644 3402 et
659 3341 745 3422 nigro
760 3342 925 3420 squalentia
941 3343 1061 3424 pumice
1075 3360 1144 3405 saxa

397 3433 428 3485 ‘15
442 3426 574 3507 gaudent
587 3426 671 3488 lerali
686 3428 799 3489 circum
814 3428 958 3490 tumulata
973 3446 1127 3508 cupressu.

443 3513 496 3574 has
511 3512 591 3574 inter
604 3512 690 3574 sedes
705 3512 778 3575 Ditis
792 3523 879 3593 pater
893 3513 998 3576 extulit
1012 3531 1065 3574 ora

441 3596 600 3659 bustorum
614 3597 741 3659 dammis
755 3608 786 3659 et
799 3617 874 3660 cana
890 3616 991 3679 sparsa
1006 3597 1112 3671 favilla,

412 3685 429 3717 >'
442 3700 477 3744 ac
491 3682 543 3743 tali
557 3683 710 3744 volucrem
726 3682 888 3745 Fortunam
903 3702 976 3745 voce
991 3683 1123 3746 lacessit:

442 3772 564 3828 “rerum
580 3768 777 3829 humanarum
792 3768 1018 3847 divinarumque
1032 3776 1175 3849 potestas,

398 3862 428 3913 80
443 3852 527 3938 Fors,
542 3852 590 3914 cui
606 3852 686 3914 nulla
702 3853 799 3933 placet
815 3855 937 3916 nimium
954 3871 1059 3915 secura
1074 3861 1216 3934 potestas,

416 3953 419 3959 ’
444 3957 518 4020 quae
535 3956 610 4000 nova
625 3955 744 4018 semper
757 3956 836 4002 amas
851 3950 882 4002 et
896 3958 964 4002 mox
980 3957 1114 4019 possessa
1130 3936 1286 4017 relinquis,

356 4063 560 4086 ,ιὰ-..ᾳ--μ-

370 4120 372 4126 ¹
443 4142 475 4193 at
488 4098 593 4191 nutat
601 4137 804 4191 artuscensem
816 4138 826 4206 l
839 4143 869 4193 or
884 4139 986 4206 gorgite
998 4138 1119 4204 praedam
1127 4137 1138 4209 {l
1147 4142 1181 4193 to
1190 4139 1277 4191 excisa
1290 4139 1301 4208 Ι
1315 4142 1348 4194 dd
1359 4140 1433 4195 ullu

356 4210 397 4258 tot
414 4207 579 4277 limoso!
593 4208 626 4262 69
644 4206 750 4276 Cocytia
764 4206 774 4274 Ι
787 4209 819 4261 lt
839 4208 900 4260 inrit
917 4207 1076 4260 Bononio.-
1095 4224 1131 4260 ao
1149 4207 1273 4261 snllnrist
