3417 4934
773 378 929 433 sarvam
1348 381 1386 438 21

285 551 430 615 liberent.
475 552 573 616 ‘iliada
595 563 626 616 ct
640 552 796 635 Odyssian’
818 553 916 634 inquit
934 550 939 637 Ι
960 557 1003 615 ‘ac
1025 553 1163 615 Laenatis
1183 550 1387 633 gladiatorium

311 637 443 702 munus'
471 658 533 702 non
550 638 658 702 licebat
672 639 839 702 multaciam
855 639 1046 702 considerare
1399 636 1443 704 30

272 823 308 876 lll
397 829 455 872 nos
474 806 480 895 Ι
499 812 557 873 iam
572 810 608 872 ad
624 810 786 873 triclinium
801 828 1043 892 perveneramus,
1058 810 1090 872 in
1102 810 1188 872 cuius
1199 818 1283 891 parte
1293 810 1387 891 prima

311 905 491 975 procurator
501 896 633 960 rationes
643 896 817 977 accipiebat.
833 897 950 977 etquod
963 897 1121 977 praecipue
1133 896 1256 958 miratus
1267 913 1343 971 sum,
1355 896 1386 958 in

282 990 293 1038 5
311 981 445 1061 postibus
460 981 582 1044 triclinii
597 982 691 1045 lasees
706 990 792 1044 erant
807 1000 875 1044 cum
890 982 1046 1045 securibus
1066 982 1126 1067 lixi,
1145 1000 1274 1061 quornm
1297 1000 1385 1044 unam

311 1076 424 1147 partem
440 1068 525 1147 quasi
540 1066 691 1130 embolum
708 1068 790 1130 navis
804 1087 931 1131 aeneum
946 1068 1079 1143 liniebat,
1093 1068 1124 1129 in
1138 1086 1198 1146 quo
1214 1077 1277 1130 erat
1291 1068 1385 1148 scrip-

310 1161 385 1216 tum:
402 1153 446 1215 ⁴0.
463 1153 605 1234 Pompeio
620 1153 842 1230 Trimalchioni,
859 1156 954 1217 seviro
970 1154 1132 1234 Augustali,
1149 1154 1311 1216 Cinnamus
1325 1152 1385 1216 dis·
1406 1165 1421 1214 2

310 1238 472 1319 pensator’.
495 1239 666 1302 subendam
681 1239 768 1301 tilulo
783 1249 813 1301 et
827 1240 950 1303 lucerna
965 1240 1112 1321 bilychnis
1126 1240 1163 1301 de
1178 1244 1295 1302 camera
1309 1258 1384 1320 pen·
1406 1251 1421 1299 a

310 1324 404 1401 debat,
430 1333 461 1386 et
474 1324 551 1387 duae
565 1324 682 1387 tabulae
698 1326 729 1387 in
746 1333 875 1405 utroque
891 1336 976 1406 poste
990 1327 1112 1401 delixae,
1135 1342 1260 1405 quarum
1283 1326 1386 1400 altera,

274 1418 294 1467 lt
310 1410 427 1473 sibene
442 1410 576 1487 memini,
591 1411 648 1473 hoc
667 1409 794 1473 habebat
809 1411 1003 1492 inscriptum:
1019 1411 1080 1474 ‘ill
1092 1419 1122 1474 et
1135 1410 1231 1492 pridie
1246 1410 1387 1473 kalendas

310 1496 460 1559 lanuarias
476 1496 508 1560 G.
523 1504 627 1559 noster
641 1496 720 1559 foras
735 1496 842 1572 cenat’,
866 1498 957 1569 altera
971 1498 1060 1559 lunae
1081 1515 1201 1559 cursum
1217 1496 1384 1559 stellarum·
1405 1508 1420 1557 4

310 1590 365 1663 qu‘e
380 1590 498 1663 septem
513 1582 658 1662 imagines
672 1582 782 1663 pictas3
798 1583 895 1662 etqui
911 1582 975 1645 dies
989 1582 1062 1645 boni
1078 1583 1189 1664 quique
1203 1581 1385 1645 incommodi

310 1677 417 1750 essent,
433 1667 636 1748 distinguente
650 1667 730 1730 bulla
746 1667 937 1730 notabantur.

284 1765 302 1815 ll
388 1750 461 1836 ibis
481 1753 588 1835 repleti
608 1752 809 1835 voluptatibus
829 1772 897 1815 cum
919 1771 1098 1817 conaremur
1112 1754 1143 1815 in
1160 1753 1320 1817 triclinium
1336 1754 1383 1815 in·
1406 1765 1421 1813 5

275 1843 295 1895 lt
310 1848 396 1915 trare,
419 1838 593 1901 exclamavit
615 1858 694 1902 unus
714 1858 751 1902 ex
772 1840 883 1921 pueris,
906 1841 957 1919 qui
979 1858 1072 1920 super
1093 1840 1151 1902 hoc
1170 1839 1302 1901 oldcium
1323 1850 1387 1901 erat

312 1925 441 2006 positus:
466 1924 582 1987 ‘dextro
598 1925 694 2006 pede'.
730 1926 796 1987 sine
817 1925 910 1988 dubio
932 1926 1083 2006 paulisper
1103 1925 1322 2005 trepidavimus,
1346 1945 1384 1987 ne
1405 1936 1421 1985 6

275 2011 415 2073 dicuntia
436 2021 629 2092 praeceptum
651 2011 758 2090 aliquis
785 2020 920 2074 nostrum
943 2012 1033 2073 limen
1056 2011 1206 2073 transiret
1226 2009 1231 2094 Ι
1252 2020 1383 2073 ceterum
1404 2023 1419 2071 τ

312 2105 342 2159 ut
362 2097 477 2178 pariter
497 2097 643 2159 movimus
664 2095 784 2159 dextros
809 2116 941 2177 gressus,
963 2116 1066 2160 servus
1092 2097 1180 2159 nobis
1205 2095 1386 2178 despoliatus

310 2182 468 2263 procubuit
482 2184 519 2244 ad
534 2183 625 2263 pedes
639 2200 674 2244 ac
688 2200 795 2262 rogare
810 2184 919 2264 coepit,
940 2192 975 2244 ut
995 2203 1027 2246 se
1047 2201 1162 2264 poenae
1185 2183 1384 2264 eriperemus:

275 2270 295 2321 tt
311 2286 363 2331 nec
376 2286 522 2348 magnum
537 2273 606 2330 esse'
618 2277 774 2348 peccatum
789 2288 889 2343 suum,
911 2278 1034 2350 propter
1053 2269 1133 2349 quod
1153 2269 1385 2351 periclitaretur3

310 2354 451 2416 subducta
467 2354 548 2415 enim
563 2354 618 2417 sibi
633 2354 806 2430 vestimenta
822 2354 1036 2434 dispensatoris
1049 2354 1081 2416 in
1098 2354 1216 2430 balneo,
1239 2373 1316 2434 quae
1336 2354 1383 2415 vir
1404 2363 1420 2415 8

312 2440 434 2503 luissent
448 2438 551 2501 decem
566 2440 781 2505 sestertiorum.
812 2440 981 2502 rettulimus
996 2458 1067 2519 ergo
1083 2440 1202 2502 dextros
1217 2440 1308 2521 pedes
1323 2439 1383 2502 dis·
1404 2450 1420 2500 e

311 2534 560 2605 pensatoremque
575 2526 606 2586 in
621 2526 697 2587 atrio
712 2543 819 2587 aureos
834 2535 1043 2587 numerantem
1058 2525 1208 2606 deprecati
1224 2543 1337 2599 sumus,
1352 2533 1385 2585 ut

312 2629 394 2674 servo
410 2610 577 2673 remitteret
591 2628 729 2691 poenam.
766 2610 915 2691 superbus
934 2611 984 2672 ille
1005 2610 1124 2673 sustulit
1139 2611 1251 2673 vultum
1267 2620 1297 2673 et
1312 2616 1384 2671 ‘non
1408 2620 1436 2671 10

276 2697 297 2749 li
313 2705 368 2759 tam
384 2697 499 2759 iactura
515 2715 562 2759 me
577 2695 686 2759 movet'
697 2697 796 2777 inquit
807 2704 905 2776 ‘quam
923 2696 1103 2777 negligentia
1116 2696 1290 2775 nequissimi
1301 2697 1388 2758 servi.

313 2783 484 2845 vestimenta
504 2800 571 2844 mea
594 2781 739 2845 cubitoria
761 2783 900 2865 perdidit,
923 2801 998 2864 qnae
1018 2782 1091 2844 mihi
1106 2782 1196 2844 natali
1212 2801 1279 2844 meo
1294 2782 1387 2845 cliens
1410 2790 1437 2841 11

314 2868 428 2948 quidam
452 2868 622 2945 donaverat,
637 2868 726 2950 Tyria
740 2868 806 2931 sine
827 2868 929 2946 dubio,
952 2870 1003 2932 sed
1020 2870 1077 2931 iam
1098 2868 1190 2931 semel
1211 2869 1280 2931 lota.
1319 2868 1388 2949 quid

314 2971 382 3035 ergo
397 2950 466 3017 est?
489 2954 568 3017 dono
583 2953 668 3016 vobis
682 2953 771 3017 eum’.

395 3039 518 3120 obligati
536 3048 596 3101 tam
619 3040 723 3119 grandi
747 3039 894 3101 beneficio
915 3058 984 3102 cum
1003 3040 1197 3102 intrassemus
1216 3040 1388 3114 triclinium,
1404 3034 1448 3103 31

279 3123 300 3175 ³⁰
316 3125 446 3187 occurrit
461 3124 548 3187 nobis
563 3125 612 3187 ille
627 3126 705 3187 idem
721 3143 833 3201 servus,
849 3144 906 3205 pro
916 3144 976 3205 quo
991 3144 1210 3207 rogaveramus,
1226 3136 1256 3186 et
1267 3134 1391 3206 stupen-

316 3210 393 3274 tibus
407 3210 587 3291 spississima
601 3210 684 3274 basia
698 3211 823 3291 impegit
836 3211 945 3291 gratias
959 3230 1052 3292 agens
1065 3211 1240 3275 humanitati
1263 3220 1391 3273 nostrae.

317 3296 359 3357 ‘ad
374 3314 530 3373 summam,
545 3298 645 3360 statim
659 3296 766 3360 scietis’
781 3297 821 3357 ait
836 3296 895 3358 ‘cui
911 3297 1052 3377 dederitis
1071 3296 1260 3359 beneficium.
1289 3296 1390 3358 vinum
1413 3307 1427 3356 2

318 3381 499 3445 dominicum
514 3382 723 3446 ministratoris
738 3382 831 3462 gratia
847 3381 901 3444 est’
1346 3391 1348 3394 ’

847 3488 864 3528 a

399 3552 522 3615 tandem
538 3570 610 3634 ergo
623 3550 826 3615 discubuimus
837 3553 940 3634 pneris
951 3551 1158 3615 Alexandrinis
1169 3570 1276 3631 aqnam
1288 3552 1318 3614 iu
1330 3570 1392 3614 ma·
1414 3563 1429 3611 3

282 3638 371 3702 iinus
393 3639 522 3701 nivatam
542 3638 772 3701 infundentibus
794 3638 917 3719 aliisque
941 3638 1170 3719 insequentibus
1190 3638 1226 3698 ad
1248 3638 1339 3718 pedes
1361 3655 1395 3699 ac

319 3724 499 3806 paronychia
521 3742 589 3786 cum
611 3724 727 3805 ingenti
752 3725 915 3787 subtilitate
937 3723 1120 3787 tollentibus.
1163 3743 1199 3786 ac
1221 3742 1259 3785 ne
1282 3723 1313 3785 in
1336 3724 1394 3785 hcc
1416 3734 1431 3783 l

320 3811 437 3890 quidem
452 3818 513 3871 tam
528 3811 653 3873 molesto
669 3809 807 3872 tacebant
822 3811 932 3887 cilicio,
952 3811 1003 3873 sed
1019 3810 1116 3873 obiter
1130 3808 1299 3873 cantabant
1336 3828 1392 3890 ego
1414 3820 1429 3868 5

404 3966 420 4015 2
438 3961 520 4014 multa
538 3960 589 4014 iam
601 3959 687 4023 fuisse
696 3963 825 4029 putabam
838 3967 888 4014 aut
900 3962 995 4014 multus
1003 3962 1188 4026 adiectumque
1198 3963 1272 4013 inter
1283 3964 1339 4014 alia
1350 3979 1398 4015 no-

320 4043 378 4083 men
389 4032 430 4099 13
449 4045 602 4084 veneramus
619 4030 692 4098 Lll
712 4030 757 4082 Gn.
770 4029 809 4099 18
827 4030 905 4083 etiam
922 4030 971 4099 Li
992 4032 1024 4085 le
1042 4032 1137 4097 pariter
1155 4030 1241 4084 emb
1260 4031 1270 4097 Ι
1289 4034 1321 4085 19
1339 4037 1399 4084 ante

321 4098 400 4166 pedes
417 4098 512 4166 [1823
529 4099 555 4152 iu
574 4099 689 4167 precario
702 4098 712 4167 Ι
725 4099 759 4151 26
777 4098 919 4151 donaverat
942 4099 1022 4151 cliens
1040 4098 1143 4166 quidam
1161 4098 1254 4166 lpas
1272 4115 1328 4152 eum
1348 4116 1400 4154 cnr.

323 4166 365 4236 bl
378 4170 412 4223 30
431 4167 598 4236 stupentibus
614 4174 676 4235 port
693 4168 764 4221 basia
782 4168 806 4219 L
824 4167 940 4220 collocat
950 4166 963 4238 Ι
974 4169 1007 4221 35
1025 4166 1078 4237 ped
1091 4208 1098 4223 .
1113 4203 1141 4221 ..
1156 4165 1194 4219 ad
1212 4168 1235 4219 ll
