3417 4934
381 495 419 557 68
480 542 482 545 .
840 495 996 551 ΡΕΤΒΟΝΠ

378 670 458 752 quod
473 670 556 752 dicis,
573 688 642 731 ecce
658 670 745 732 etiarn
762 670 864 733 osculo
879 671 953 732 iram
965 670 1047 732 finio.
1077 669 1186 748 itaque,
1202 669 1283 748 quod
1298 668 1378 731 bene
1394 675 1489 733 eve-b

378 756 449 839 nior,
470 755 607 836 expedite
629 755 793 818 sarcinulas
815 764 846 817 et
865 755 912 818 vel
933 754 1090 836 sequimini
1112 753 1238 829 merel,
1265 754 1292 816 si
1313 755 1458 830 mavultis,

344 852 359 902 5
380 839 499 904 ducite'.
528 840 626 902 adhuc
641 840 829 919 loquebatur,
844 858 913 903 cnm
929 840 1047 921 crepuit
1056 840 1166 901 ostium
1181 838 1354 919 impulsum,
1365 841 1459 903 stetit·

380 944 438 1006 que
454 926 486 987 in
501 926 605 988 limine
620 925 722 988 barbis
735 925 931 989 horrentibus
952 936 1043 987 nauta
1058 933 1089 986 et
1109 922 1253 987 ‘moraris’
1274 925 1377 1006 inquit
1391 925 1459 988 ‘En-

343 1011 489 1092 emolpe,
512 1020 655 1091 tanquam
677 1010 859 1093 propudium
882 1009 1021 1091 ignores'.
1048 1010 1128 1072 haud
1149 1028 1242 1084 mora,
1266 1028 1375 1073 omnes
1388 1021 1489 1073 con-t

378 1098 538 1177 surgimus,
561 1106 591 1158 et
605 1096 772 1177 Eumolpus
792 1095 912 1176 quidem
935 1096 1177 1159 mercennarium
1200 1113 1287 1158 suum
1310 1096 1371 1157 iam
1392 1096 1461 1158 olim

379 1181 577 1244 dormientem
599 1183 680 1244 exire
696 1200 763 1244 cum
779 1182 906 1245 sarcinis
920 1181 1013 1245 iubet
1042 1199 1099 1261 ego
1115 1198 1183 1243 cum
1195 1180 1304 1243 Gitone
1319 1180 1462 1263 quicquid

378 1276 451 1343 erat,
467 1267 498 1330 in
515 1267 573 1330 iter
586 1286 738 1349 compono
754 1276 785 1330 et
798 1267 928 1330 adoratis
943 1266 1092 1330 sideribus
1106 1266 1188 1328 intro
1203 1266 1356 1347 navigium

913 1372 931 1411 ᾔ

310 1434 375 1503 100
462 1436 629 1499 ‘molestum
653 1447 699 1499 est
720 1438 800 1518 quod
822 1456 900 1518 puer
914 1437 1023 1518 hospiti
1037 1436 1145 1517 placet,
1174 1436 1246 1516 quid
1259 1434 1385 1498 antemi
1400 1455 1461 1499 non

379 1541 540 1585 commuue
563 1531 616 1598 est,
639 1522 721 1603 quod
743 1531 849 1585 natura
873 1523 1019 1604 optimum
1042 1519 1132 1584 lecit‘l
1154 1521 1200 1584 sol
1219 1521 1361 1585 omnibus
1374 1522 1502 1588 lucettt

379 1609 450 1671 luna
465 1607 736 1671 innumerabilibus
751 1608 889 1671 comitata
904 1608 1051 1671 sideribus
1065 1607 1154 1670 etiam
1169 1608 1248 1669 feras
1262 1606 1347 1670 ducit
1360 1607 1398 1670 ed
1412 1625 1462 1689 pa-

378 1693 494 1755 bulum.
525 1694 596 1773 quid
609 1693 695 1773 aquis
704 1694 762 1756 dici
777 1693 939 1756 formosius
954 1690 1078 1773 potest?
1104 1694 1135 1754 in
1152 1692 1273 1774 publico
1287 1702 1388 1755 tamen
1402 1712 1463 1756 ma-

379 1787 463 1840 nant.
507 1779 589 1840 solus
619 1795 691 1857 ergo
713 1797 798 1841 amor
818 1780 932 1841 furtum
954 1778 1055 1860 potius
1077 1795 1165 1858 quam
1194 1779 1362 1858 praemium
1385 1776 1464 1841 eritl

378 1863 470 1924 immo
492 1881 563 1924 vero
586 1863 656 1925 nolo
680 1863 789 1927 habere
811 1863 907 1940 bona,
936 1865 995 1926 nisi
1023 1861 1134 1944 quibus
1160 1863 1292 1944 populus
1315 1863 1462 1927 inviderit

379 1967 468 2022 unus,
492 1956 522 2010 et
536 1967 639 2023 senex,
655 1968 717 2011 non
733 1950 791 2011 erit
812 1950 925 2030 gravis3
948 1950 1036 2011 etiam
1059 1967 1129 2011 cum
1143 1949 1272 2010 voluerit
1284 1949 1398 2029 aliquid
1413 1967 1463 2012 su·
1482 1957 1504 2011 rt

345 2044 359 2094 t
382 2051 473 2106 mere,
500 2052 577 2114 opus
591 2035 726 2097 anhelitu
740 2033 866 2115 prodet!
894 2034 969 2096 haec
983 2043 1019 2096 ut
1031 2034 1110 2095 inira
1125 2033 1264 2096 fiduciam
1280 2036 1369 2115 posui
1384 2037 1464 2098 trau·

380 2119 505 2199 darique
526 2120 660 2181 animum
682 2120 891 2194 dissidentem,
919 2120 1007 2200 coepi
1035 2137 1174 2182 somnum
1198 2119 1307 2181 obruto
1329 2120 1464 2183 tunicula

381 2204 477 2284 capite
491 2204 622 2266 mentiri.

344 2302 360 2351 3
467 2290 518 2351 sed
540 2299 665 2370 repente
688 2290 772 2368 quasi
801 2288 975 2351 destruente
1002 2291 1124 2351 fortuna
1146 2290 1345 2352 constantiam
1369 2308 1464 2353 meam

381 2374 526 2436 eiusmodi
540 2393 597 2437 vox
611 2392 704 2455 super
719 2383 904 2437 constratum
919 2376 1030 2455 puppis
1045 2376 1231 2454 congemuit:
1252 2381 1335 2456 ‘ergo
1351 2393 1401 2438 me
1416 2376 1464 2438 de·
1482 2384 1506 2437 tt

346 2473 360 2521 a
382 2458 478 2522 risit‘l’
507 2469 539 2522 et
559 2462 633 2523 haec
655 2461 773 2542 quidem
795 2459 888 2523 viribs
910 2469 940 2521 et
961 2478 1057 2540 paene
1078 2458 1202 2522 auribus
1217 2461 1292 2524 meis
1313 2460 1465 2525 familiaris

381 2545 514 2607 animum
543 2546 740 2627 palpitantem
769 2546 926 2626 percussit.
971 2556 1105 2607 ceterum
1128 2545 1232 2607 eadem
1258 2546 1466 2626 indignatione

381 2630 632 2694 mulierlacerata
647 2632 773 2695 ulten'us
788 2630 950 2693 excanduit
965 2639 995 2692 et
1010 2631 1045 2691 ‘si
1061 2630 1128 2710 quis
1142 2630 1216 2693 deus
1228 2630 1368 2695 manibus
1382 2631 1466 2695 meis'

347 2729 361 2777 5
383 2717 482 2797 inquit
497 2716 616 2779 ‘Gitona
631 2719 812 2799 imponeret,
827 2734 916 2798 quam
932 2715 1011 2778 bene
1026 2716 1143 2778 exulem
1158 2714 1348 2796 exciperem’.
1383 2728 1466 2781 uter·

383 2820 441 2881 qne
464 2812 600 2865 nostrum
623 2813 682 2866 tam
706 2804 896 2883 inexpectato
918 2802 996 2862 ictus
1017 2819 1093 2863 sono
1115 2802 1256 2864 amiserat
1276 2803 1508 2883 sanguinemtt

382 2905 437 2967 ego
452 2888 613 2968 praecipue
629 2890 715 2968 quasi
729 2887 847 2950 somnio
865 2886 993 2967 quodam
1009 2885 1184 2948 turbulento
1199 2887 1401 2950 circumactus
1417 2888 1467 2951 diu

381 2989 484 3033 vocem
501 2972 607 3053 collegi
622 2971 888 3051 tremebundisque
900 2970 1038 3034 manibus
1049 2971 1190 3053 Eumolpi
1204 2972 1261 3033 iam
1278 2973 1309 3034 in
1325 2991 1467 3054 soporem

382 3055 510 3118 labentis
524 3057 662 3119 laciniam
678 3058 748 3120 duri
764 3066 794 3119 et
816 3056 881 3138 ‘per
896 3054 994 3118 ddem’
1015 3057 1137 3137 inquam
1156 3064 1268 3139 ‘pater‚
1290 3060 1378 3121 cuius
1393 3060 1467 3122 haec

348 3153 363 3202 6
385 3142 467 3203 navis
488 3150 542 3216 est,
564 3151 615 3205 aut
638 3162 714 3224 quos
736 3143 831 3217 vehat,
854 3141 954 3203 dicere
974 3140 1089 3223 potes?'
1125 3143 1308 3223 inquietatus
1329 3144 1380 3207 ille
1402 3163 1467 3207 mo·

383 3226 457 3288 leste
471 3226 541 3288 tulit
555 3237 585 3290 et
600 3228 667 3290 ‘hoc
681 3225 753 3291 erat'
767 3227 866 3307 inquit
879 3228 971 3308 ‘quod
986 3227 1139 3307 placuerat
1151 3227 1216 3300 tibi,
1239 3237 1378 3310 utsupra
1394 3248 1468 3293 con·
1486 3238 1508 3290 et

383 3320 509 3374 stratum
532 3314 614 3376 navis
636 3331 852 3396 occuparemus
872 3313 1104 3375 secretissimum
1125 3313 1235 3412 locum,
1258 3333 1296 3375 nc
1311 3333 1369 3378 nos
1383 3324 1468 3396 pate·

349 3410 362 3457 ι
385 3397 684 3477 rerisrequiescere?
713 3400 785 3479 quid
801 3416 894 3480 porro
915 3397 952 3460 ad
963 3416 1027 3460 rcm
1039 3399 1180 3480 pertinet,
1192 3419 1218 3461 sr
1209 3399 1333 3461 duero
1344 3400 1467 3463 Licham

385 3482 582 3545 Tarentinum
611 3504 676 3547 esse
705 3485 860 3547 dominum
888 3484 1014 3547 huiusce
1036 3484 1155 3564 navigii,
1184 3485 1237 3563 qui
1259 3485 1467 3567 Tryphaenam

316 3564 501 3634 llllerulem
524 3567 686 3632 Tarentum
709 3567 816 3633 lerati’
851 3570 993 3633 intremui
1015 3579 1085 3650 post
1106 3571 1164 3632 hoc
1182 3571 1295 3632 fulmen
1311 3573 1468 3647 attonitus,

386 3654 549 3768 iuguloque
570 3655 689 3717 detecto
710 3651 920 3736 ‘aliquando’
912 3674 1034 3737 inquam
1057 3660 1163 3719 ‘totum
1179 3674 1237 3731 me,
1259 3656 1405 3733 Fortuna,
1426 3658 1467 3720 ri·
1485 3665 1508 3719 et

387 3736 470 3806 cisti’.
502 3757 573 3801 nam
588 3740 677 3804 Giton
702 3742 822 3823 quidem
844 3759 937 3823 super
957 3749 1062 3839 pectus
1076 3759 1177 3802 meum
1194 3742 1316 3840 positus
1337 3742 1389 3805 diu
1404 3743 1468 3806 ani·

352 3836 366 3885 2
386 3842 464 3886 mam
480 3826 550 3904 egit.
581 3825 690 3890 deinde
704 3837 739 3891 ut
749 3828 862 3890 effusus
877 3826 970 3890 sudor
983 3827 1140 3940 utriusqpe
1155 3828 1293 3908 spiritum
1309 3831 1467 3899 revocavit,

387 3910 603 3991 comprehendi
619 3912 761 3993 Eumolpi
780 3930 879 3993 genna
894 3920 924 3973 e
944 3910 1106 3975 ‘miserere'
1127 3913 1250 3992 inquam
1266 3913 1467 3976 morientium

474 4134 490 4185 6
507 4128 697 4199 properandum
714 4127 877 4181 Tornaesius
912 4146 963 4196 rap
965 4129 1058 4196 errat}
1071 4130 1130 4183 8in
1143 4129 1231 4198 alteru
1246 4134 1278 4183 to
1291 4129 1467 4193 leceritfion'·

389 4198 483 4267 logion
499 4201 531 4252 td
547 4200 616 4252 iutra
637 4197 820 4256 remeent
810 4197 866 4256 lll'l
902 4129 1058 4251 illidentem¹
1063 4197 1189 4265 Doruafl
1210 4199 1242 4250 at
1266 4201 1294 4250 at
1311 4197 1467 4267 bacellos*

389 4272 460 4319 tasse
476 4266 576 4336 planen
590 4269 623 4321 24
641 4267 701 4321 exul
718 4281 778 4320 eura
796 4265 954 4319 Strelitsr‘ue
968 4266 973 4335 Ι
988 4267 1130 4334 exciperet.
1148 4266 1298 4334 exciperent
1309 4264 1437 4319 Esubios
