3417 4934
727 465 883 521 servitte
1298 467 1336 524 1‘?

226 643 386 728 tpositus.
403 642 475 705 iussi
487 659 559 721 ergo
570 639 783 715 discubuimus,
794 648 824 702 et
834 640 1004 720 gustatione
1016 640 1138 703 mirifica
1149 642 1255 704 initiati
1266 643 1335 706 vino
1357 656 1372 704 6

205 795 207 808 ,
260 731 349 793 ctiam
358 727 485 790 Falerno
495 726 686 792 inundamur.
708 727 825 805 excepti
837 726 924 788 etiam
936 725 1073 807 pluribus
1085 728 1204 790 ferculis
1215 747 1283 790 cum
1296 729 1337 792 la·
1357 742 1371 791 t

205 815 208 820 '
259 816 403 879 beremur
417 813 449 876 in
464 830 613 887 somnum,
630 812 718 874 ‘itane
733 809 808 875 est?’
824 813 923 891 inquit
938 812 1080 884 Quartilla
1097 814 1194 875 ‘etiam
1210 814 1340 877 dormire

260 901 343 964 robis
358 900 390 962 in
407 907 507 961 mente
523 907 578 973 est,
594 916 662 960 cum
678 898 776 961 sciatis
788 898 888 977 Priapi
902 898 991 977 genio
1007 898 1191 979 pervigilium
1207 899 1340 964 deberii'

795 1004 813 1043 *

226 1085 240 1135 5
345 1089 414 1134 cum
431 1069 566 1151 Ascyltos
580 1076 718 1147 gravatus
731 1076 776 1130 tot
791 1068 876 1130 malis
897 1068 928 1131 in
953 1087 1091 1131 somnum
1111 1068 1269 1146 laberetur,
1292 1072 1340 1133 illa
1354 1068 1398 1136 22

260 1176 336 1240 quae
347 1156 458 1219 iniuria
470 1154 590 1236 depulsa
602 1155 700 1216 luerat
710 1154 816 1216 ancilla
828 1162 922 1216 totam
933 1154 1038 1215 faciem
1047 1154 1111 1216 eius
1119 1155 1242 1236 fuligine
1251 1156 1339 1237 longa

260 1241 417 1325 perfricuit
432 1249 463 1302 et
478 1260 539 1302 non
555 1240 712 1303 sentientis
727 1239 808 1301 labra
824 1258 1006 1320 umerosque
1021 1240 1221 1320 sopitionibus
1232 1244 1338 1323 pinsit.

260 1331 317 1393 iam
328 1347 386 1410 ego
396 1328 486 1389 ctiam
495 1334 541 1389 tot
551 1326 636 1388 malis
647 1326 784 1406 fatigatus
795 1325 951 1387 minimum
959 1326 1047 1388 veluti
1055 1335 1174 1405 gustum
1182 1328 1337 1390 hauseram
1359 1341 1374 1390 2

262 1416 374 1489 somni,
390 1413 468 1476 idem
484 1421 514 1474 et
529 1421 590 1474 tota
605 1412 684 1474 intra
697 1412 829 1492 lorisque
839 1411 950 1473 familia
961 1413 1080 1486 fecerat,
1096 1420 1186 1492 atque
1199 1414 1246 1475 alii
1259 1415 1339 1476 circa

213 1511 243 1565 lo
261 1500 351 1583 pedes
371 1497 623 1562 discumbentium
645 1497 740 1579 sparsi
763 1496 912 1569 iacebant,
939 1497 987 1559 alii
1008 1497 1173 1578 parietibus
1198 1499 1338 1580 appliciti,

263 1586 382 1667 quidam
398 1585 428 1647 in
444 1584 510 1665 ipso
526 1583 628 1646 limine
643 1583 813 1645 coniunctis
831 1583 994 1645 manebant
1014 1583 1174 1666 capitibus;
1198 1585 1337 1647 lucernae
1359 1599 1374 1648 3

263 1689 383 1753 quoque
398 1688 502 1731 umore
518 1669 650 1732 delectae
665 1677 756 1730 tenue
778 1680 807 1730 et
829 1676 995 1731 extremum
1017 1669 1117 1731 lumen
1141 1670 1337 1751 spargebant:

262 1776 330 1820 cum
346 1756 407 1819 dno
418 1755 483 1837 Syri
499 1754 655 1836 expilaturi
668 1749 847 1840 [lagoenam]
863 1755 1025 1817 triclinium
1041 1756 1237 1826 intraverunt,
1253 1757 1339 1817 dum-

263 1862 319 1925 que
335 1842 416 1905 inter
430 1849 588 1921 argentum
603 1840 715 1903 avidius
729 1840 873 1917 rixantur,
893 1842 1041 1903 diductam
1064 1842 1219 1919 fregerunt
1240 1842 1338 1922 lagoe-

212 1942 241 1993 15
261 1947 338 1992 nem.
369 1927 477 1990 cecidit
490 1927 579 1990 etiam
594 1944 696 1989 mensa
712 1943 780 1987 cum
796 1936 931 2006 argento,
947 1934 978 1987 et
991 1926 1115 1988 ancillae
1131 1946 1223 2008 super
1237 1936 1337 1991 torum
1360 1942 1374 1990 4

261 2014 424 2077 marcentis
438 2030 598 2075 excussum
611 2013 690 2074 forte
704 2012 791 2074 altius
806 2012 947 2092 poculum
964 2020 1056 2092 caput
1069 2012 1175 2091 tetigit.
1197 2014 1233 2075 ad
1250 2034 1340 2093 quem

260 2100 353 2162 ictum
370 2098 543 2161 exclamavit
557 2098 605 2160 illa
617 2098 789 2178 pariterque
799 2105 829 2159 et
839 2098 921 2160 iures
932 2097 1062 2179 prodidit
1074 2107 1104 2159 ct
1114 2108 1228 2179 partem
1240 2100 1339 2162 ebrio-

259 2204 327 2248 mm
342 2185 488 2248 excitarit
525 2184 592 2265 Syri
607 2183 649 2245 illi
664 2184 714 2264 qui
730 2195 875 2250 venerant
890 2183 926 2245 ad
941 2184 1091 2263 praedam,
1115 2195 1269 2264 postquam
1286 2187 1337 2249 de·
1360 2199 1374 2247 5

258 2271 427 2353 prehensos
437 2290 470 2333 se
481 2269 702 2344 intellexeruut,
715 2269 827 2350 pariter
837 2269 1003 2332 secundum
1013 2270 1122 2331 lectum
1133 2271 1339 2347 conciderunt,

208 2369 239 2420 at
259 2366 293 2421 ut
307 2365 430 2438 putares
444 2358 503 2419 hoc
516 2356 706 2431 convenisse,
728 2363 758 2418 et
772 2364 899 2417 stertere
914 2364 1055 2435 tanquam
1071 2356 1141 2417 olim
1157 2358 1340 2421 dormientes

262 2461 316 2506 ooe
339 2450 440 2505 erunt

317 2461 407 2590 piam
418 2535 449 2589 et
458 2525 672 2590 tricliniarches
683 2535 875 2607 experrectus
887 2526 1018 2589 lucernis
1026 2526 1232 2589 occidentibus
1240 2528 1337 2590 oleum
1359 2543 1375 2592 6

258 2614 422 2688 infuderat,
438 2621 468 2675 et
482 2614 566 2693 pueri
581 2612 707 2674 detersis
722 2611 874 2693 paulisper
885 2613 979 2673 oculis
995 2612 1145 2674 redierant
1156 2612 1192 2674 ad
1205 2614 1339 2677 ministe-

256 2701 346 2782 rium,
368 2716 439 2761 cum
458 2698 572 2761 intrans
587 2698 784 2780 cymbalistria
801 2705 831 2759 et
844 2715 1030 2777 concrepans
1046 2715 1112 2759 aera
1132 2715 1237 2760 omnes
1259 2701 1338 2762 erci-

205 2797 232 2847 ta
256 2786 336 2848 tavit.
375 2785 520 2847 relectum
542 2785 631 2864 igitur
652 2793 698 2846 est
720 2783 886 2845 convivium
910 2793 940 2845 et
961 2801 1066 2845 rursus
1082 2783 1224 2855 Quartilla
1239 2786 1276 2846 ad
1292 2786 1337 2846 bi·
1353 2783 1396 2852 23

255 2870 390 2934 bendum
412 2870 568 2933 revocarit
605 2870 716 2932 adiurit
736 2869 915 2931 bilaritatem
937 2869 1125 2931 comissantis
1140 2871 1337 2951 cymbalistria

791 2976 807 3013 *

342 3042 434 3104 intrat
455 3040 605 3118 cinaedus,
628 3041 717 3103 homo
740 3041 876 3102 omnium
895 3040 1109 3103 insulsissimus
1130 3049 1160 3103 et
1180 3042 1268 3123 plane
1286 3043 1334 3105 illa
1356 3057 1370 3105 2

255 3127 345 3190 domo
361 3128 479 3208 dignus,
495 3128 547 3208 qui
561 3137 595 3189 ut
609 3126 744 3189 infractis
757 3126 897 3189 manibus
912 3128 1093 3205 congemuit,
1109 3127 1254 3189 eiusmodi
1269 3147 1334 3190 car-

255 3214 336 3276 mina
352 3212 470 3275 effudit:

205 3311 230 3360 tu
409 3294 479 3361 ‘buc
494 3298 553 3360 buc
568 3301 623 3361 cito
639 3297 797 3360 convenite
811 3315 905 3371 nunc,
921 3296 1159 3377 spatalocinaedi,
1354 3313 1369 3362 3

409 3385 486 3465 pede
501 3384 624 3457 tendite,
639 3402 760 3446 cursum
776 3383 885 3457 addite,
901 3382 1055 3445 convolate
1070 3382 1170 3463 planta

408 3470 575 3552 femoreque
590 3469 677 3544 lacili,
693 3471 781 3532 clune
795 3469 864 3549 agili
879 3478 908 3530 et
923 3487 1015 3531 manu
1030 3487 1182 3548 procaces,

408 3556 522 3632 molles,
537 3564 660 3629 veteres,
676 3555 786 3617 Deliaci
802 3573 892 3617 manu
907 3553 1015 3616 recisi’

251 3642 441 3723 consumptis
454 3641 590 3704 versibus
604 3642 666 3703 suis
680 3642 917 3703 immundissimo
933 3660 981 3703 me
992 3640 1075 3703 basio
1087 3643 1237 3721 conspuit.
1261 3662 1329 3703 mox
1351 3655 1365 3704 4

205 3738 226 3788 u
249 3735 279 3788 et
292 3745 387 3807 super
402 3727 512 3789 lectum
528 3728 608 3789 venit
622 3734 712 3807 atque
726 3727 809 3789 omni
824 3727 851 3789 vi
870 3727 981 3789 detexit
998 3735 1196 3789 recusantem.
1239 3746 1330 3808 super
1351 3741 1365 3789 5

249 3813 376 3893 inguina
405 3830 471 3875 mea
493 3814 544 3876 diu
565 3813 753 3893 multumque
775 3813 884 3876 lrustra
906 3813 1021 3875 moluit.
1065 3813 1253 3893 profluebant
1274 3831 1330 3894 per

338 3984 349 4032 1
372 3980 476 4034 inritati
496 3980 636 4049 Iabnimll
659 3982 674 4033 6
693 3980 783 4032 iniuria
807 3980 915 4048 depulsa
940 3981 1011 4032 mole
1038 3983 1158 4031 breviato
1176 3981 1326 4051 videntur-l

250 4048 322 4115 larga
346 4048 565 4115 Iungwmannue
585 4050 595 4117 Ι
617 4053 631 4102 l
655 4050 807 4115 sopionibus
831 4050 897 4101 libri
923 4050 1024 4103 Catulli
1039 4050 1082 4115 st,
1100 4050 1140 4102 to.
1177 4050 1328 4116 ropionibus

250 4116 405 4187 Hertsircsl
426 4121 456 4173 11
476 4119 624 4171 marcebant
643 4117 828 4170 Toraoericna
847 4118 858 4185 Ι
882 4120 913 4171 16
931 4119 1007 4186 tregit
1025 4118 1035 4186 Ι
1052 4121 1085 4171 20
1104 4124 1263 4185 expectatur
1281 4135 1327 4172 eos

250 4185 374 4239 convivas
392 4201 451 4239 esse
469 4190 518 4239 out
534 4188 668 4240 nobiscum
686 4186 788 4239 venisse
801 4185 811 4253 l
824 4188 857 4240 nt
875 4186 992 4248 fortasse
1004 4186 1194 4255 cymbalistriae
1206 4187 1328 4257 [cantnsll

251 4254 282 4307 28
300 4255 453 4321 concrepuit
470 4254 603 4324 labaim!
618 4258 650 4309 33
663 4269 771 4308 veneres
789 4257 914 4324 amose!
927 4258 960 4310 36
977 4255 1139 4322 pertinebant

298 4345 605 4394 recordaturum
1167 4345 1189 4395 ⁵).
