3417 4934
339 448 402 508 238
641 447 790 501 subactu
807 446 1118 502 spouotouuutosts

294 620 338 689 14
423 622 506 684 ducit
525 621 609 683 illum
626 622 661 681 ad
677 620 811 683 tribunal
826 620 930 682 Aeaci:
953 620 979 682 is
1001 620 1066 700 lege
1083 619 1221 682 Cornelia
1238 640 1315 702 quae
1329 623 1364 685 de
1375 624 1412 686 si-

339 707 426 770 cariis
435 708 494 768 lata
506 715 560 780 est,
571 707 744 785 quaerebat.
767 706 906 787 postulat,
919 724 1030 767 nomen
1043 706 1108 767 eius
1123 706 1263 788 recipiat;
1279 708 1340 770 edit
1348 708 1411 771 snb

339 793 549 874 scriptionem:
574 793 690 854 occisos
704 801 861 854 senatores
876 790 987 864 XXXV,
1010 792 1127 870 equites
1150 792 1185 852 tt.
1202 792 1327 868 ccxxi,
1341 805 1411 856 oete

310 890 324 941 ²
339 882 468 943 rosdon
484 879 656 1023 pepaddg
671 899 708 941 τε
722 881 815 953 κόνις
826 898 874 941 τε.
890 874 1065 938 advocatum
1081 894 1143 937 non
1159 877 1286 940 invenit.
1301 880 1411 941 tandem

339 963 477 1044 procedit
516 1007 524 1023 .
540 962 710 1035 Petronius,
726 971 811 1024 vetus
826 962 982 1023 convictor
997 962 1071 1036 eius,
1086 962 1177 1023 bomo
1190 962 1350 1026 Claudiana
1363 965 1434 1026 lin-t

338 1068 397 1128 gua
413 1049 549 1120 disertus,
566 1056 596 1109 et
606 1048 737 1129 postulat
752 1046 986 1109 advocationem.
1013 1066 1075 1108 non
1088 1048 1185 1109 datur.
1208 1059 1330 1112 accusat
1342 1049 1413 1111 Pedo

340 1134 501 1215 Pompeius
515 1134 633 1213 magnis
643 1132 834 1195 clamoribus.
858 1133 965 1212 incipit
979 1140 1126 1213 patronus
1137 1132 1214 1195 velle
1226 1135 1412 1215 respondere.

340 1224 464 1292 Aeacus,
479 1219 569 1280 bomo
585 1218 772 1290 iustissimus,
795 1226 874 1279 vetat
888 1227 919 1278 et
933 1218 1017 1279 illum
1033 1218 1122 1279 altera
1137 1228 1256 1280 tantum
1273 1230 1356 1301 parte
1370 1240 1414 1283 au-

339 1306 399 1367 dita
414 1306 595 1367 condemnat
617 1313 646 1365 et
661 1305 717 1369 ait:
741 1304 814 1368 αἴκε
830 1305 948 1367 πάθοι
962 1307 1004 1367 τά
1020 1295 1047 1365 τ’
1066 1301 1169 1387 ἔρεξε,
1186 1303 1263 1390 dluq
1278 1300 1308 1368 κ’
1325 1308 1413 1371 ἰθεῖα

310 1401 326 1451 a
340 1397 483 1475 γένοιτο.
505 1390 614 1469 ingens
624 1389 780 1465 ,silentium
796 1390 979 1453 factumest.
996 1388 1160 1468 stupebant
1170 1408 1279 1452 omnes
1294 1391 1443 1453 annaeo

339 1477 384 1538 rei
406 1474 534 1548 attoniti,
550 1476 701 1555 negabant
715 1476 773 1536 hoc
794 1492 927 1554 uuquam
950 1474 1072 1535 lactum.
1110 1473 1232 1536 Claudio
1254 1477 1350 1557 magis
1364 1478 1413 1539 iai

341 1580 432 1642 quum
455 1560 611 1622 ridebatur
633 1579 721 1639 quam
745 1579 865 1625 novum
911 1560 949 1621 de
971 1577 1083 1639 genere
1105 1578 1223 1640 poenae
1245 1561 1298 1623 diu
1320 1562 1413 1643 dispu-

339 1655 433 1709 tatum
455 1656 510 1721 est,
539 1646 612 1724 quid
634 1647 716 1707 illum
740 1645 801 1726 pati
824 1654 987 1725 oporteret
1018 1653 1105 1706 erant
1131 1646 1183 1724 qui
1206 1646 1354 1723 dicerent,
1375 1649 1414 1711 Si·

340 1732 467 1814 sypbum
489 1735 562 1794 sctis
582 1731 633 1793 diu
648 1732 774 1793 laturam
789 1731 906 1804 secisse,
928 1729 1086 1792 Tantalum
1108 1730 1157 1792 siti
1180 1733 1349 1812 periturum
1365 1735 1414 1797 nisi

341 1817 382 1879 illi
396 1824 635 1889 succurreretur,
658 1816 818 1896 aliquando
842 1815 954 1877 lxionis
976 1815 1077 1877 miseri
1099 1824 1196 1877 rotam
1211 1818 1444 1881 sufflaminantt

310 1902 417 1964 tdam.
448 1920 509 1963 non
526 1900 638 1982 placuit
653 1902 704 1963 ulli
720 1922 755 1963 ex
771 1901 923 1962 veteribus
937 1901 1109 1963 missionem
1125 1902 1198 1975 dari,
1222 1922 1263 1965 ne
1277 1906 1324 1966 vel
1339 1904 1416 1967 Clau-

341 1988 406 2049 dius
421 2004 554 2066 unquam
577 1986 672 2049 simile
695 1995 838 2066 speraret.
877 1987 989 2066 placuit
1010 2004 1116 2047 noram
1132 2005 1264 2068 poenam
1280 1991 1415 2054 constitui

340 2072 459 2147 debere,
482 2071 710 2151 excogitandum
726 2072 768 2134 illi
783 2072 916 2133 laborem
933 2072 1052 2134 irritum
1067 2080 1097 2132 et
1110 2071 1237 2134 alicuius
1251 2076 1415 2156 cupiditatis

340 2158 471 2238 speciem
484 2158 550 2219 sino
565 2157 684 2222 ellectu.
707 2168 769 2219 tum
779 2160 895 2220 Aeacus
910 2157 993 2219 iubet
1008 2157 1090 2218 illum
1106 2157 1168 2219 alea
1180 2158 1286 2222 ludere
1298 2171 1414 2241 pertuso

340 2244 452 2306 fritillo.
489 2253 519 2304 et
540 2243 598 2304 iam
620 2252 762 2325 coeperat
776 2244 926 2323 fugientes
947 2261 1066 2322 semper
1080 2253 1208 2306 tesseras
1224 2263 1370 2323 quaerere
1389 2252 1443 2309 etat

343 2328 416 2391 nihil
430 2330 587 2410 prolicere.

290 2410 332 2478 lb
494 2433 561 2475 nam
577 2413 718 2493 quotiens
740 2414 886 2475 missurus
901 2414 965 2474 er'at
976 2423 1137 2475 resonante
1152 2413 1266 2488 fritillo,

494 2508 621 2579 utraque
636 2499 784 2560 subducto
800 2498 932 2577 fugiebat
947 2509 1057 2560 tessera
1072 2498 1176 2561 fundo.
1231 2551 1233 2557 .
1269 2548 1271 2552 .

494 2603 623 2663 cumque
637 2583 814 2646 recollectos
829 2584 953 2647 auderet
967 2584 1085 2646 mittere
1100 2584 1184 2657 telos,

493 2671 598 2732 fusuro
614 2670 720 2732 similis
734 2688 855 2750 semper
869 2688 1049 2749 semperque
1064 2671 1190 2750 petenti,
1420 2678 1442 2728 at

495 2754 641 2835 decepere
656 2756 758 2816 tidem:
775 2755 886 2834 refugit
899 2755 1068 2835 digitosque
1083 2774 1138 2836 per
1152 2755 1235 2836 ipsos

495 2840 580 2902 fallax
596 2839 719 2903 adsiduo
734 2840 874 2902 dilabitur
893 2841 955 2902 alea
971 2841 1060 2902 furto.

493 2926 537 2988 sic
552 2944 621 2988 cum
636 2926 694 2988 iam
710 2927 817 2988 summi
833 2934 1001 3005 tanguntur
1015 2927 1144 2987 culmina
1159 2927 1282 2998 montis,

492 3012 576 3072 irrita
592 3011 731 3092 Sisyphio
746 3013 907 3074 volvuntur
920 3012 1055 3093 pondera
1072 3011 1158 3072 collo.
1265 3015 1268 3023 '

311 3107 326 3157 2
341 3096 478 3175 apparuit
491 3095 591 3158 subito
608 3096 639 3158 C.
656 3096 764 3158 Caesar
786 3108 815 3158 ct
830 3106 933 3176 petere
955 3097 1040 3159 illum
1062 3098 1092 3158 in
1109 3098 1283 3160 servitutem
1306 3099 1443 3179 coeptqal

341 3180 481 3259 producit
494 3190 595 3254 testes,
611 3182 663 3261 qui
679 3178 786 3266 [illum]
805 3182 940 3244 viderant
954 3183 991 3244 ab
1017 3183 1066 3244 illo
1082 3183 1190 3261 flagris,
1213 3184 1329 3256 ferulis,
1340 3184 1412 3246 oola·

340 3264 408 3346 phis
430 3267 628 3346 vapulantem.
666 3268 853 3329 adiudicatus
876 3268 907 3329 C.
932 3268 1066 3343 Caesari3
1089 3267 1195 3330 Caesar
1216 3269 1301 3331 illum
1324 3271 1414 3331 Aeaco

340 3351 440 3413 donat.
463 3352 487 3414 is
497 3352 662 3414 Menandro
678 3353 786 3416 liberto
802 3353 1001 3429 suotradidit,
1018 3362 1051 3414 ut
1065 3372 1081 3414 a
1096 3353 1322 3433 cognitionibus
1334 3364 1414 3417 esset.

426 3539 441 3589 3
454 3537 524 3590 XXX
542 3538 644 3605 equites
656 3554 677 3591 r.
690 3537 712 3588 ll
724 3542 840 3590 caeteros
853 3537 951 3590 ccxxi
963 3540 1030 3590 dee:
1046 3541 1168 3603 equitem
1184 3554 1315 3590 numerus
1324 3552 1415 3606 pm·

340 3612 436 3669 certata,
453 3611 584 3659 trecentos
602 3606 714 3673 emplius
733 3607 806 3659 Suet.
826 3607 866 3662 Ol.
883 3609 916 3659 29
932 3607 942 3673 Ι
961 3609 978 3659 4
1000 3607 1096 3658 Iliadis
1112 3606 1215 3660 lX-385
1231 3609 1236 3672 Ι
1252 3608 1416 3658 decideram

340 3673 460 3728 Claudius
470 3680 518 3726 aul
527 3673 571 3725 ille
581 3674 733 3735 advocatum
748 3676 758 3740 ll
770 3678 786 3729 9
799 3676 907 3726 Hesiodi
913 3672 1008 3731 ΜΠ
1017 3675 1046 3730 G.
1062 3680 1067 3737 Ι
1082 3675 1175 3727 πάθοι
1186 3692 1223 3727 on
1235 3675 1348 3743 πάθηιῒ
1359 3688 1417 3727 πως

339 3740 398 3802 sere
415 3742 536 3795 traditur
551 3744 555 3809 Ι
571 3734 595 3794 τ’
614 3743 686 3795 deest
701 3744 704 3808 Ι
720 3738 780 3810 leun
806 3742 891 3795 eodm
906 3745 969 3809 (boc
986 3747 1026 3795 ert
1042 3743 1172 3812 &darell
1187 3747 1218 3797 13
1237 3745 1305 3795 sium
1322 3744 1368 3796 diu
1384 3742 1416 3795 la-

340 3816 422 3862 turam
440 3811 563 3865 iecissent
580 3812 590 3879 Ι
609 3814 641 3865 16
657 3812 754 3864 veteris
777 3812 835 3863 eod.
850 3811 1081 3876 valenensem,
1104 3813 1233 3865 veteranis
1251 3809 1417 3879 Rbmanmfl

341 3880 446 3998 ppspps
464 3880 519 3932 siue
538 3879 659 3933 ellectum
676 3880 743 3945 (sine
756 3878 809 3932 line
822 3879 916 3933 ellectu
931 3882 1048 3945 Valent.)
1062 3880 1072 3948 Ι
1085 3882 1117 3933 tt
1130 3880 1219 3934 lusuro
1233 3882 1243 3949 l
1255 3883 1287 3934 31
1302 3881 1348 3949 qui
1360 3880 1414 3933 olim

369 3963 401 3997 ae
429 3964 481 4015 paca

772 4120 974 4130 ψ..-
1019 4122 1022 4127 ,
