3417 4934
386 455 427 513 24
846 454 1001 509 Putuoutt

384 628 453 690 dum
470 628 550 689 enim
565 627 775 708 repositorium
791 626 948 691 duodecim
963 628 1090 692 habebat
1104 630 1188 710 signa
1208 631 1240 693 in
1262 632 1335 693 orbe
1356 632 1463 713 diapo-
1475 640 1506 696 rt

383 714 447 785 sita,
471 731 562 793 super
585 731 660 791 quae
682 714 838 794 proprium
862 716 1150 795 convenientemque
1172 717 1311 780 materiae
1328 726 1465 781 structor

345 810 360 861 3
382 800 564 880 imposuerat
578 798 694 861 cibum:
710 818 801 879 super
815 801 937 863 arietem
953 802 1034 864 cicer
1047 802 1216 877 arietinum,
1237 822 1329 884 super
1342 813 1464 867 taurum

383 885 512 947 bubulae
527 886 665 960 frustum,
680 904 772 965 super
786 886 922 967 geminos
936 888 1088 950 testiculos
1103 906 1138 950 ac
1153 889 1262 965 rienes,
1277 908 1371 970 super
1384 908 1462 952 can-

324 998 325 1003 ¹
383 990 466 1033 crum
482 990 634 1046 coronam
656 990 747 1052 super
768 972 886 1033 leonem
907 974 997 1035 ticum
991 974 1187 1073 Africanam,
1208 975 1494 1056 supervirginemt

345 1068 360 1117 4
380 1057 581 1130 sterrlroulam
597 1075 688 1137 super
702 1056 806 1118 libram
829 1067 967 1121 stateram
989 1059 1020 1120 in
1042 1060 1127 1122 cuius
1146 1060 1236 1121 altera
1258 1071 1342 1141 parte
1363 1060 1461 1123 scrib·

382 1142 431 1203 lita
447 1152 518 1222 erat,
534 1144 564 1204 in
580 1142 670 1204 altera
687 1144 833 1223 placenta,
853 1142 969 1226 isuper
987 1146 1177 1226 scorpionem
1197 1146 1373 1245 pisciculum
1397 1165 1460 1208 ma·
1477 1162 1499 1213 tt

382 1228 491 1303 riuum,
510 1188 628 1325 isuper
648 1229 829 1307 sagittarium
853 1230 1046 1328 oolopectam
1068 1249 1160 1312 super
1180 1233 1392 1331 capricornum
1412 1234 1461 1295 lo·
1444 1247 1506 1300 -ιιι

382 1325 495 1376 custam
516 1314 670 1387 marinam,
697 1333 789 1396 super
809 1316 966 1395 aquarium
987 1335 1135 1393 anserem,
1155 1336 1247 1398 super
1266 1319 1363 1416 pisces
1385 1319 1460 1382 duos

344 1401 496 1462 omullos.
540 1401 571 1462 in
601 1399 698 1461 medio
724 1412 824 1462 autem
850 1420 971 1482 caespes
996 1421 1064 1465 cum
1090 1365 1192 1465 herbis
1217 1404 1334 1467 excisus
1360 1406 1457 1466 iarum
1476 1414 1501 1464 to

343 1497 358 1546 6
380 1486 555 1551 sustinebat.
572 1485 970 1569 circumferebathegyptius
980 1505 1058 1568 puer
1068 1489 1187 1550 clibano
1199 1498 1342 1567 argenteo
1350 1508 1458 1570 panem

379 1667 468 1737 atque
488 1659 553 1739 ipse
574 1656 662 1719 etiam
683 1658 852 1719 taeterrima
873 1677 946 1721 voce
967 1660 1004 1721 de
1018 1659 1234 1739 Laserpiciario
1255 1659 1347 1722 mimo
1363 1661 1460 1722 canti-

338 1756 353 1805 t
378 1762 446 1805 cum
469 1744 601 1805 extorsit.
639 1762 695 1804 nos
716 1752 750 1803 ut
772 1744 918 1806 tristiores
939 1746 972 1806 ad
995 1754 1055 1807 tam
1070 1746 1142 1807 viles
1163 1746 1343 1807 accessimus
1365 1745 1458 1819 cibos,

324 1825 367 1894 36
380 1829 510 1891 ‘suadeo’
526 1829 625 1908 inquit
639 1828 819 1890 Trimalchio
835 1837 1004 1904 ‘cenemus3
1026 1830 1084 1893 hoc
1105 1840 1151 1892 est
1172 1831 1217 1893 ius
1238 1830 1351 1895 cenae'.
1386 1831 1459 1894 haec

378 1924 412 1975 ut
427 1915 508 2013 dixit,
528 1916 563 1975 ad
580 1914 786 1995 symphoniam
804 1924 945 2015 quattuor
959 1916 1157 1996 tripudiantes
1171 1924 1392 1996 procurrerunt
1406 1936 1456 1979 su·
1475 1924 1498 1976 tt

339 2012 353 2061 2
375 2000 585 2081 potioremque
601 2010 716 2098 partem
733 2001 903 2080 repositorii
918 2002 1116 2064 abstulerunt.
1154 2021 1214 2082 quo
1231 2003 1309 2063 lacto
1323 2002 1457 2065 videmus

376 2086 454 2147 inira
471 2081 619 2184 [scilicet'
611 2105 642 2147 ιιι
659 2086 751 2147 altero
768 2081 893 2171 ferculo]
910 2087 999 2148 altilia
1022 2096 1052 2149 et
1072 2088 1190 2150 sumina
1210 2088 1435 2168 leporemque
1426 2107 1455 2151 ιιι

339 2182 354 2230 3
376 2171 515 2232 medio
486 2191 588 2253 prunis
601 2170 806 2245 subornatum
822 2172 995 2252 utPegasus
1005 2172 1165 2235 videretur
1189 2174 1357 2235 notavimus
1368 2175 1457 2236 ettam

377 2257 457 2319 circa
472 2258 598 2355 angulos
614 2257 782 2338 repositorii
797 2218 928 2339 blarsyas
942 2267 1094 2356 quattuor,
1117 2277 1153 2320 ex
1175 2277 1309 2356 quorum·
1321 2258 1458 2322 utriculis

376 2361 481 2421 garum
498 2344 664 2424 piperatum
680 2342 820 2404 currebat
834 2362 926 2423 super
939 2344 1045 2429 pisces,
1067 2344 1117 2423 qui
1138 2352 1280 2424 tanquam
1300 2343 1332 2405 in
1349 2344 1454 2425 euripo
1473 2352 1497 2405 at

339 2440 354 2488 4
376 2429 529 2491 natabant.
574 2429 678 2491 damus
705 2447 810 2490 omues
835 2429 972 2509 plausum
998 2448 1015 2491 a
1041 2430 1150 2492 familia
1175 2430 1330 2509 inceptum
1356 2436 1387 2491 et
1408 2447 1457 2491 res

339 2514 567 2577 selectissimas
597 2515 729 2576 ridentes
758 2515 958 2595 aggredimur.
1003 2535 1065 2577 non
1093 2516 1192 2577 minus
1221 2523 1252 2577 ct
1276 2514 1456 2577 Trimalchio

339 2611 354 2659 6
377 2601 522 2663 eiusmodi
536 2601 686 2662 methodio
709 2601 802 2663 laetus
818 2600 934 2681 ‘Carpe'
956 2601 1064 2680 inquit.
1101 2601 1247 2681 processit
1268 2600 1367 2662 statim
1387 2601 1457 2664 scis·

376 2706 427 2747 sor
447 2696 476 2748 et
498 2686 533 2748 ad
553 2686 761 2769 symphoniam
783 2686 977 2767 gesticulatus
996 2688 1037 2748 ita
1064 2686 1204 2749 lacerarit
1229 2685 1399 2761 obsonium,
1424 2696 1458 2748 ut

339 2784 352 2832 t
377 2781 496 2852 putares
511 2774 691 2835 essedarium
707 2773 849 2854 hydraule
865 2782 1006 2835 cantante
1020 2790 1165 2853 pugnare.
1192 2771 1347 2849 ingerebat
1362 2772 1456 2834 nihilo
1476 2780 1501 2833 ιι

376 2859 476 2921 minus
497 2858 676 2920 Trimalchio
699 2857 860 2920 lentissima
882 2876 971 2919 voce:
995 2857 1110 2939 ‘Carpe
1131 2856 1245 2938 Carpe’.
1283 2875 1339 2937 ego
1360 2858 1458 2938 suspi-

376 2951 460 3005 catus
474 2944 509 3005 ad
527 2944 655 3023 aliquam
672 2942 869 3005 urbanitatem
892 2944 1002 3005 totiens
1022 2944 1158 3005 iteratam
1174 2961 1275 3004 vocem
1296 2944 1459 3023 pertinere,

377 3048 438 3090 non
471 3029 577 3090 erubui
604 3047 672 3090 eum
700 3029 751 3107 qui
778 3046 868 3110 supra
894 3048 942 3091 me
968 3030 1174 3111 accumbebat,
1204 3028 1262 3090 hoc
1287 3028 1386 3108 ipsum
1412 3029 1460 3091 in-

339 3125 353 3175 8
376 3124 538 3195 terrogare.
576 3125 605 3176 at
620 3114 679 3189 ille,
696 3115 747 3193 qui
762 3114 881 3195 saepius
897 3115 1042 3177 eiusmodi
1056 3114 1143 3178 ludos
1157 3123 1350 3195 spectaverat,
1366 3113 1459 3177 ‘rides

376 3200 469 3262 illum’
485 3201 582 3279 inquit
597 3200 658 3280 ‘qui
674 3200 832 3262 obsonium
850 3201 960 3281 carpit:
976 3200 1090 3282 Carpus
1104 3210 1237 3263 vocatur.
1266 3199 1366 3281 itaque
1382 3219 1457 3280 quo·
1478 3208 1505 3261 st

377 3287 554 3366 tiescunque
570 3286 642 3348 dicit
657 3285 801 3366 “Carpe¹',
818 3286 923 3348 eodem
938 3286 1029 3348 verbo
1044 3295 1075 3348 et
1088 3296 1174 3349 vocat
1188 3294 1219 3347 et
1232 3284 1379 3365 imperat'.

325 3367 366 3437 37
465 3391 528 3433 non
553 3371 638 3453 potui
664 3372 791 3452 amplius
817 3372 974 3453 quicquam
1001 3382 1131 3452 gustare,
1156 3373 1207 3435 sed
1234 3389 1398 3434 conversus
1422 3372 1459 3432 ad

378 3476 457 3532 eum,
474 3465 611 3537 utquam
627 3457 754 3539 plurima
770 3460 948 3538 exciperem,
970 3457 1060 3538 longe
1075 3475 1229 3520 accersere
1244 3456 1357 3519 tabulas
1371 3458 1460 3536 coepi

378 3543 593 3622 sciscitarique,
610 3562 686 3622 quae
701 3551 779 3606 esset
793 3542 901 3604 mulier
915 3543 975 3624 itta,
991 3561 1068 3622 quae
1079 3545 1138 3607 huc
1152 3553 1242 3623 atque
1258 3542 1328 3604 illuc
1342 3541 1459 3604 discur-

340 3641 355 3690 2
378 3637 467 3694 reret.
505 3627 600 3690 ‘uxor'
620 3628 718 3710 inquit
733 3628 982 3703 ‘Trimalchionis
997 3628 1159 3692 Fortunata
1182 3627 1358 3710 appellatur,
1382 3646 1459 3709 quae
1480 3637 1506 3689 ιι

341 3727 356 3775 3
378 3733 518 3777 nummos
542 3715 641 3776 modio
664 3715 795 3776 metitur.
832 3721 863 3775 et
883 3715 981 3788 modo,
1001 3716 1091 3777 modo
1113 3715 1183 3796 quid
1210 3711 1286 3775 tutet
1323 3714 1461 3793 ignoscet

341 3813 357 3861 4
377 3802 449 3863 mihi
461 3801 568 3882 genius
581 3811 660 3875 tuus,
677 3800 824 3863 noluisses
835 3801 872 3861 de
884 3818 974 3861 manu
986 3800 1183 3881 illinspanem
1196 3799 1342 3878 accipere.
1366 3817 1461 3872 nunc,

381 3906 437 3949 nec
453 3888 522 3968 quid
539 3904 596 3948 nec
613 3904 714 3967 quare,
730 3886 761 3947 in
779 3885 893 3948 caelum
905 3885 977 3948 abiit
988 3894 1018 3947 et
1028 3884 1258 3948 Trimalchionis
1269 3894 1394 3965 topanta
1405 3893 1461 3947 est

466 4110 482 4162 8
500 4108 645 4175 oclopetant
663 4102 701 4167 cf.
718 4107 890 4160 mmmm
900 4108 970 4173 ιδῃ
973 4104 1065 4172 ,6281
1081 4107 1111 4157 ta
1129 4107 1266 4172 extorquet
1285 4101 1328 4171 L!
1360 4105 1461 4156 dotan-

380 4190 458 4297 Znam
476 4192 526 4228 cm.
538 4175 571 4239 t,
564 4175 737 4314 ,quicunyue
754 4174 846 4244 euripo
863 4174 924 4296 Διὶ
941 4177 970 4228 at
991 4171 1170 4242 coeptnnhfl
1159 4120 1221 4242 Ιιι
1234 4173 1270 4224 tta
1288 4171 1461 4238 gesticulatus

380 4191 676 4326 blattinqntttllanla
708 4243 892 4314 taqua-on.

481 4333 887 4411 Μ

931 4241 943 4314 Ι
955 4243 990 4300 86
998 4241 1077 4295 nodo
1088 4239 1292 4294 nouiteraot'tla
1304 4239 1315 4309 Ι
1328 4242 1360 4293 ιι
1371 4240 1428 4294 eius
1437 4241 1462 4293 t
