3417 4934
767 462 922 517 sartula
1345 463 1384 521 13

250 650 278 702 1.
303 652 335 706 et
350 640 501 705 sordidam
516 646 619 702 tenere
634 638 788 721 coepimus
802 636 935 699 tunicam
950 643 1039 719 atque
1059 638 1160 700 eadem
1183 636 1291 699 invidia
1312 657 1384 719 pro·

302 729 442 801 clamare,
465 734 568 788 nostra
584 743 649 786 esse
664 723 758 804 spolia
775 741 849 804 quae
864 722 906 784 illi
921 723 1119 803 possiderent.
1163 722 1215 785 sed
1231 724 1314 786 nullo
1330 742 1381 804 ge·
1403 736 1417 785 t

303 833 378 877 nere
401 831 456 893 par
479 819 542 874 erat
563 828 661 886 causa,
686 805 779 957 [nam]
803 818 832 872 et
854 809 994 872 cociones
1017 810 1067 891 qui
1083 810 1119 872 ad
1135 809 1295 871 clamorem
1310 829 1384 872 con·

302 903 462 973 fluxerant,
487 905 619 959 nostram
634 896 747 959 scillcet
782 913 897 957 emore
913 894 1050 956 ridebant
1064 894 1213 969 invidiam,
1233 897 1312 975 quod
1328 915 1384 977 pro

257 998 275 1047 5
301 987 354 1049 illa
368 993 452 1067 parte
466 981 659 1046 vindicabant
673 981 917 1063 pretiosissimam
932 989 1053 1063 vestem,
1069 999 1125 1061 pro
1137 982 1193 1043 hac
1205 983 1383 1061 pannuciam

303 1092 345 1135 ne
360 1068 540 1134 centonibus
563 1068 681 1148 quidem
697 1068 787 1130 bonis
802 1067 931 1147 dignam.
961 1066 1033 1129 hine
1047 1067 1182 1148 Ascyltos
1196 1066 1275 1129 bene
1289 1069 1382 1130 risum
1404 1077 1419 1127 8

201 1167 204 1192 ³
303 1157 454 1231 discussit,
479 1155 530 1235 qui
545 1155 663 1217 silentio
686 1155 765 1216 facto
781 1152 933 1215 ‘videmus'
956 1153 1054 1233 inquit
1076 1157 1168 1215 ‘suam
1191 1154 1299 1233 cuique
1321 1172 1385 1215 rem
1411 1148 1452 1216 15

303 1262 371 1307 esse
400 1242 599 1316 carissimam
625 1239 752 1302 reddant
778 1238 865 1301 nobis
891 1238 1023 1301 tunicam
1051 1247 1182 1301 nostram
1208 1248 1239 1301 et
1263 1239 1384 1320 pallium

303 1347 392 1392 suum
415 1325 582 1408 recipiant’
624 1325 679 1388 etsi
703 1325 815 1388 rustico
838 1324 1016 1405 mulierique
1037 1324 1174 1406 placebat
1194 1326 1383 1405 permutatio,
1405 1334 1420 1384 2

247 1426 281 1477 10
303 1415 436 1478 advocati
447 1422 546 1475 tamen
559 1412 617 1474 iam
630 1431 746 1493 poenae
758 1412 910 1487 nocturni,
918 1411 970 1491 qui
979 1411 1118 1473 volebant
1129 1411 1249 1491 pallium
1257 1411 1333 1472 lueri
1343 1413 1385 1473 fa·

304 1519 384 1576 cere,
400 1499 573 1580 flagitabant
587 1498 631 1560 uti
647 1497 725 1578 apud
740 1517 773 1559 se
784 1506 912 1577 utraque
923 1499 1148 1578 deponerentur
1158 1516 1193 1558 ae
1204 1508 1325 1579 postero
1339 1498 1385 1560 die

303 1586 394 1649 iudex
409 1585 570 1667 querellam
586 1584 758 1664 inspiceret.
789 1602 888 1664 neque
904 1584 985 1645 enim
1000 1602 1049 1647 res
1064 1591 1190 1659 tantum,
1213 1600 1289 1663 quae
1303 1583 1384 1645 vide·
1406 1592 1421 1642 3

303 1680 412 1735 rentur
433 1672 464 1734 in
488 1670 723 1732 controversiam
738 1688 812 1755 esse,
833 1671 885 1731 sed
908 1670 997 1749 longe
1021 1670 1099 1732 aliud
1122 1670 1233 1750 quaeri,
1256 1670 1332 1751 quod
1353 1670 1384 1731 in

306 1765 432 1837 utraque
447 1765 531 1839 parte
546 1756 660 1818 seilicet
670 1756 820 1817 latrocinii
832 1755 962 1835 suspicio
976 1755 1145 1817 haberetur.
1168 1756 1225 1817 iam
1238 1756 1384 1835 sequestri
1407 1764 1421 1814 4

254 1852 283 1904 1⁵
304 1842 471 1924 placebant,
492 1849 522 1904 et
544 1842 646 1904 neseio
671 1842 736 1922 quis
753 1860 788 1902 ex
803 1841 991 1916 cccicnibus,
1015 1841 1122 1916 calvus,
1145 1842 1386 1905 tuberosissimae

304 1928 423 2004 frontis,
446 1928 497 2009 qui
512 1927 627 1990 solebat
641 1927 800 2007 aliquando
817 1928 905 1989 etiam
920 1946 1023 1989 causas
1038 1945 1146 2008 agere,¹
1159 1929 1307 1990 inuaserat
1321 1930 1384 2009 pal-

303 2014 378 2077 lium
394 2013 653 2094 exhibiturumque
670 2014 799 2076 crastino
816 2012 863 2074 die
885 2014 1060 2078 affirmabat.
1105 2022 1237 2075 ceterum
1259 2034 1383 2095 appare·
1406 2025 1421 2072 5

303 2100 354 2162 bat
371 2100 445 2162 nihil
459 2099 537 2161 aliud
560 2100 664 2179 quaeri
689 2100 745 2163 nisi
768 2109 802 2161 ut
816 2100 909 2161 semel
932 2100 1066 2180 deposita
1084 2100 1174 2162 vestis
1196 2101 1276 2162 inter
1297 2119 1385 2182 prae·

303 2186 400 2248 dones
421 2185 658 2265 strangularetur
682 2194 711 2247 et
733 2205 789 2248 nos
812 2194 893 2247 metu
916 2185 1051 2248 criminis
1074 2186 1323 2249 conveniremus
1350 2188 1385 2248 ad

251 2280 279 2330 to
301 2272 508 2334 constitutum.

388 2389 466 2453 idem
478 2391 567 2472 plane
582 2397 612 2451 et
626 2410 682 2451 nos
696 2390 879 2452 volebamus.
902 2389 1001 2470 itaque
1012 2392 1169 2471 utriusque
1179 2393 1272 2473 partis
1283 2403 1383 2456 votum
1405 2401 1420 2450 6

301 2496 389 2541 casus
400 2476 519 2539 adiuvit
541 2475 712 2555 indignatus
724 2476 804 2537 enim
815 2475 955 2550 rusticus,
968 2478 1049 2556 quod
1061 2498 1116 2541 nos
1128 2487 1288 2541 centonem
1301 2480 1382 2541 exhi·
1405 2487 1419 2536 7

302 2564 437 2625 bendum
453 2562 680 2642 postularemus,
703 2561 783 2623 misit
804 2562 835 2623 in
859 2561 963 2622 laciem
979 2562 1088 2644 Ascylti
1105 2565 1236 2626 tunicam
1259 2573 1289 2626 et
1309 2565 1383 2627 libe-

301 2659 382 2711 ratos
398 2646 532 2728 querella
547 2648 632 2710 iussit
646 2647 768 2728 pallium
784 2646 947 2726 deponere,
964 2649 1043 2726 quod
1059 2649 1155 2710 solum
1167 2649 1248 2710 litem
1259 2650 1386 2712 iaciebat

834 2755 851 2791 *

248 2830 278 2880 25
388 2825 418 2880 et
432 2827 620 2898 recuperato,
637 2828 670 2880 ut
684 2818 872 2898 putabamus,
888 2818 1027 2880 thesauro
1037 2819 1068 2881 in
1081 2819 1283 2883 deversorium
1296 2839 1382 2901 prae·
1405 2830 1420 2882 8

303 2903 409 2985 cipites
430 2903 547 2966 abimus
568 2904 790 2984 praeclusisque
805 2904 922 2967 loribus
936 2904 1035 2967 ridere
1050 2924 1176 2969 acumen
1200 2925 1262 2968 non
1286 2907 1385 2972 minus

303 2990 465 3052 cocionum
487 3007 576 3069 quam
599 2989 846 3052 calumniantium
868 2991 1033 3071 coepimus,
1056 2992 1138 3070 quod
1160 2991 1248 3055 nobis
1269 2994 1384 3075 ingenti

303 3074 462 3139 calliditate
477 3075 637 3157 pecuniam
652 3075 861 3138 reddidissent.

510 3160 581 3223 nolo
597 3160 678 3240 quod
694 3162 795 3242 cupio,
811 3161 909 3224 statim
926 3168 1039 3236 tenere,
1404 3173 1419 3224 9

245 3259 278 3309 30
509 3265 567 3309 nec
583 3246 706 3309 victoria
721 3248 762 3309 mi
777 3248 875 3329 placet
889 3254 991 3329 parata

833 3355 849 3392 *

243 3432 295 3486 Lo
387 3409 464 3499 {sed
484 3425 518 3480 ut
538 3416 669 3497 primum
692 3417 839 3482 beneficio
863 3392 980 3482 Gitonis
1002 3426 1178 3499 praeparata
1201 3439 1257 3483 nos
1278 3421 1383 3504 imple·
1407 3417 1449 3486 16

201 3533 204 3552 ι
300 3501 401 3564 rimus
417 3520 501 3579 cena,
517 3503 626 3566 ostium
641 3524 702 3565 non
719 3506 789 3568 satis
805 3506 909 3568 audaci
924 3506 1052 3585 strepitu
1063 3506 1203 3568 exsonuit
1213 3507 1383 3587 impulsum.

390 3656 459 3701 cum
475 3645 505 3701 et
518 3639 574 3721 ipsi
590 3659 662 3721 ergo
678 3642 778 3723 pallidi
790 3660 974 3724 rogaremus,
990 3642 1056 3722 quis
1067 3650 1154 3720 esset,
1170 3643 1272 3725 ‘aperi’
1283 3645 1382 3725 inquit
1402 3657 1416 3706 2

299 3724 371 3786 ‘iam
393 3722 489 3787 scies'.
527 3727 659 3808 dumque
675 3727 836 3807 loquimur,
858 3747 925 3791 sera
939 3748 991 3791 sua
1007 3737 1115 3810 sponte
1135 3729 1254 3812 delapsa
1276 3731 1384 3793 cecidit

242 3826 276 3875 35
300 3809 497 3890 reclusaeque
518 3810 617 3875 subito
639 3814 720 3876 iores
741 3814 927 3877 admiserunt
946 3815 1117 3877 intrantem.
1154 3817 1262 3879 mulier
1283 3826 1381 3880 autem
1402 3830 1417 3879 3

459 3932 510 3941 —.

390 3980 484 4044 boam]
495 3981 775 4035 nostraTornoece'aoa
790 3981 795 4051 Ι
810 3982 949 4036 conciones
962 4000 1041 4054 quae:
1051 3983 1198 4045 iteminfro
1213 3988 1243 4038 15
1253 3986 1383 4040 concioni-

300 4047 353 4099 bus
370 4052 397 4098 et
413 4049 447 4101 2¹1
466 4050 619 4103 concionum
631 4050 641 4119 ss
653 4055 671 4105 4
682 4055 858 4119 coapostatam
869 4067 918 4105 nos
930 4068 951 4106 s.
965 4055 990 4108 d.
1003 4070 1038 4109 m.
1050 4053 1176 4117 ridebant,
1195 4054 1265 4122 qued
1283 4070 1308 4121 p.
1327 4056 1344 4109 i.
1356 4073 1383 4125 p.

301 4114 429 4169 vindicari
446 4116 572 4171 ridebant
583 4118 594 4189 l
607 4122 700 4188 tipene
714 4124 719 4189 Ι
735 4120 815 4173 rixam
828 4122 965 4173 loeobsa'us
976 4122 987 4192 ΙΙ
1001 4126 1015 4175 'l
1028 4122 1161 4175 rideamus
1173 4122 1184 4190 ΙΙ
1197 4126 1229 4177 10
1242 4138 1309 4189 pene
1321 4141 1384 4178 noc-

300 4184 372 4265 turpi
384 4183 422 4249 es.
435 4190 520 4239 mussi
531 4189 647 4240 rhenani
657 4188 689 4242 47
704 4206 731 4257 p.
746 4189 793 4243 lto
816 4191 825 4257 ΙΙ
853 4192 884 4244 13
896 4191 923 4242 in
934 4197 989 4244 ntra
1003 4197 1075 4260 parte
1086 4190 1208 4260 Danieli}
1222 4193 1255 4245 32
1267 4190 1384 4253 fortasse

301 4258 400 4307 mucra
418 4260 534 4309 noscam
549 4256 554 4324 Ι
570 4259 690 4312 exsonuit
703 4276 756 4325 pro
775 4260 861 4314 sonuit
878 4261 1037 4328 novidumfl
1050 4263 1082 4312 35
1100 4261 1275 4330 remissusque
1295 4263 1316 4313 0
