3417 4934
341 498 383 561 58
804 498 959 556 Puruouu

341 675 420 738 idem
434 675 554 750 liceret,
575 675 685 737 mutavi
701 675 854 755 optionem
871 685 901 736 et
916 676 961 737 “si
976 674 1076 737 bunc''
1091 674 1213 754 inquam
1230 679 1410 740 “tractavero

342 760 478 842 improba
494 780 593 837 manu,
610 771 640 823 et
655 761 704 823 ille
719 779 781 824 non
793 761 929 835 senserit,
945 760 1038 840 gallos
1054 760 1234 841 gallinaceos
1256 762 1412 842 pugnacis·

304 860 319 910 t
341 848 431 910 simos
446 846 522 909 duos
537 847 656 909 donabo
678 846 831 927 patienti''.
869 845 905 907 ad
927 846 985 907 boc
1007 855 1107 908 votum
1129 846 1264 927 ephebus
1284 847 1365 909 ultro
1386 864 1412 910 so

304 946 319 995 3
341 933 469 994 admovit
484 942 523 1009 et,
544 942 629 1014 puto,
643 932 741 994 vereri
755 932 865 1013 coepit,
882 951 920 993 ne
935 950 991 1011 ego
1007 931 1270 994 obdormiscerem.
1309 931 1413 995 indulsi

342 1036 414 1098 ergo
428 1018 565 1093 sollicito,
580 1026 704 1098 totoque
719 1035 847 1099 corpore
862 1017 935 1080 citra
949 1036 1095 1080 summam
1109 1018 1292 1099 voluptatem
1307 1035 1356 1080 me
1370 1018 1411 1079 in·
1425 1029 1436 1080 t

342 1104 496 1184 gurgitavi.
519 1103 627 1166 deinde
638 1114 671 1166 ut
682 1103 745 1166 dics
755 1103 844 1177 venit,
861 1104 944 1165 attuli
960 1104 1100 1183 gaudenti
1112 1104 1255 1184 quicquid
1270 1104 1413 1184 promise·

305 1203 320 1252 4
342 1208 415 1252 ram.
445 1198 479 1251 ut
494 1189 579 1251 tertia
595 1208 654 1252 nox
669 1189 819 1251 licentiam
836 1188 927 1264 dedit,
943 1189 1119 1251 consurrexi

342 1276 378 1338 ad
400 1293 502 1337 aurem
525 1275 601 1338 male
622 1275 798 1337 dormientis
821 1274 900 1336 “dii”
921 1276 1044 1355 inquam
1068 1275 1286 1352 “immortales,
1316 1276 1342 1338 si
1365 1294 1414 1357 ego

341 1361 411 1423 huic
427 1361 587 1424 dormienti
602 1360 753 1423 abstulero
769 1360 880 1422 coitum
905 1360 1028 1440 plenum
1044 1369 1075 1422 et
1089 1359 1267 1441 optabilem,
1292 1379 1350 1441 pro
1364 1361 1416 1424 bac

341 1448 480 1509 felicitate
495 1465 562 1509 cras
577 1465 673 1527 puero
689 1454 880 1509 asturconem
893 1445 1117 1508 Macedonicum
1130 1447 1277 1526 optimum
1289 1446 1414 1523 donabo,
1428 1453 1447 1506 tt

305 1545 319 1594 5
341 1551 409 1595 cum
426 1534 479 1594 bac
494 1543 593 1594 tamen
610 1532 802 1613 exceptione,
825 1532 850 1594 si
866 1532 915 1593 ille
932 1550 993 1593 non
1009 1531 1165 1594 senserit''.
1203 1550 1362 1611 nunquam
1376 1532 1414 1594 al·

341 1619 417 1680 tiore
432 1637 538 1681 somno
554 1618 688 1699 ephebus
703 1617 891 1679 obdormivit.
917 1618 1016 1698 itaque
1031 1619 1160 1697 primum
1171 1618 1290 1698 implevi
1306 1618 1416 1680 lacten·

341 1705 421 1766 tibus
435 1704 551 1785 papillis
566 1722 683 1779 manus,
706 1723 775 1765 mox
790 1702 872 1766 basio
894 1703 1018 1778 inhaesi,
1041 1704 1148 1765 deinde
1163 1703 1304 1765 inunum
1320 1703 1416 1765 omnia
1457 1705 1458 1722 ¹

303 1801 318 1850 6
339 1799 405 1851 vota
420 1789 574 1855 coniunxi.
605 1807 692 1851 mane
708 1790 812 1851 sedere
833 1789 865 1850 in
882 1788 1021 1851 cubiculo
1042 1790 1143 1869 eoepit
1157 1797 1246 1869 atque
1261 1798 1417 1871 expectare

343 1875 589 1937 consuetudinem
606 1893 711 1937 meam.
741 1875 799 1937 scis
814 1883 927 1955 quanto
943 1875 1059 1937 lucilius
1073 1875 1123 1950 sit,
1142 1873 1296 1936 columbas
1311 1874 1416 1954 gallos·
1432 1881 1458 1934 u

342 1979 401 2040 que
416 1960 595 2040 gallinaceos
616 1978 717 2022 emere
738 1979 828 2040 quam
849 1969 1053 2034 asturconem,
1076 1970 1106 2022 et
1123 1969 1243 2040 praeter
1256 1961 1317 2022 hoc
1331 1961 1418 2023 etiam
1455 1965 1458 1976 '

341 2045 496 2118 timebam,
520 2066 559 2108 ne
580 2054 640 2107 tam
661 2046 774 2127 grande
796 2065 909 2109 munus
930 2056 1098 2127 suspectant
1120 2046 1231 2108 laceret
1253 2046 1441 2109 humanm

304 2148 318 2198 t
341 2139 400 2193 tem
416 2150 524 2194 meam.
561 2150 617 2212 ego
633 2132 746 2212 aliquot
761 2132 842 2193 boris
862 2132 1007 2212 spatiatus
1021 2130 1051 2192 in
1069 2131 1231 2212 hospitium
1247 2132 1359 2194 reverti
1375 2132 1417 2193 ni-

341 2217 442 2297 hilque
458 2217 536 2278 aliud
553 2235 642 2297 quam
659 2236 787 2297 puerum
799 2216 917 2279 basiavi.
944 2217 1034 2279 atille
1050 2217 1296 2298 circumspiciens
1307 2226 1343 2279 ut
1354 2235 1418 2280 oer-

341 2303 434 2365 vicem
458 2321 553 2363 meam
576 2303 672 2364 iunxit
694 2302 842 2383 amplexu,
868 2301 981 2381 “rog0'’
1002 2303 1101 2383 inquit
1125 2302 1275 2378 “domiue
1300 2302 1354 2365 ubi
1376 2309 1454 2366 est!

340 2386 500 2451 asturcol''

873 2496 890 2534 *

289 2558 330 2629 87
427 2577 495 2621 cum
518 2559 557 2622 ob
579 2561 657 2621 banc
680 2561 823 2624 offensam
842 2558 1069 2641 praeclusissem
1094 2559 1164 2620 mibi
1185 2558 1308 2635 aditum,
1331 2578 1418 2640 quem

343 2647 489 2723 laceram,
518 2646 685 2708 iterumad
709 2645 860 2708 licentiam
882 2644 967 2707 redii.
1005 2644 1192 2724 interpositis
1213 2645 1293 2706 enim
1318 2646 1419 2726 paucis

342 2730 461 2813 diebus,
483 2731 675 2794 cumsimilis
698 2750 783 2794 casus
801 2751 858 2793 uos
881 2731 911 2792 in
929 2730 1053 2793 eandem
1075 2730 1225 2792 fortunam
1247 2731 1418 2808 rettulisset,

342 2828 375 2879 ut
389 2817 521 2879 intellexi
536 2825 662 2879 stertere
680 2828 810 2897 patrem,
832 2835 938 2895 rogare
953 2816 1039 2895 coepi
1057 2814 1221 2895 ephebum,
1241 2826 1276 2877 ut
1290 2825 1418 2880 reverte·
1434 2821 1458 2876 1

343 2911 427 2965 retur
442 2903 472 2964 in
489 2904 612 2981 gratiam
628 2920 756 2975 mecum,
779 2903 808 2963 id
831 2911 876 2964 est
896 2911 930 2964 ut
950 2910 1104 2981 pateretur
1124 2902 1274 2964 satisfieri
1295 2902 1371 2977 sibi,
1392 2912 1421 2965 et

305 3000 320 3050 t
341 2997 441 3051 cetera
457 3007 532 3068 quae
548 2986 639 3050 libido
656 2988 784 3049 distenta
800 2987 900 3049 dictat.
931 2995 960 3048 at
975 2986 1023 3048 ille
1039 2986 1128 3067 plane
1143 2987 1236 3050 iratus
1251 2987 1326 3050 nihil
1341 2987 1419 3052 aliud

305 3086 320 3135 3
342 3072 459 3135 dicebat
474 3074 531 3136 nisi
546 3074 620 3135 boc:
646 3076 717 3135 “aut
732 3073 842 3145 dormi,
863 3080 914 3134 aut
935 3091 991 3153 ego
1014 3072 1071 3134 iam
1087 3073 1183 3135 dicam
1201 3072 1309 3154 patri”.
1347 3073 1420 3137 nibil

343 3168 388 3222 est
406 3168 466 3220 tam
481 3159 621 3232 arduum,
634 3158 724 3238 quod
746 3178 808 3220 non
830 3158 1005 3239 improbitas
1025 3167 1209 3239 extorqueat.
1244 3157 1317 3221 dum
1332 3159 1419 3222 ciete

344 3247 479 3325 “patrem
495 3243 659 3319 excitabo'',
681 3245 788 3324 irrepsi
811 3253 911 3306 tamen
933 3253 963 3305 et
983 3243 1060 3305 male
1081 3245 1261 3325 repugnanti
1278 3246 1459 3324 gaudium!

305 3330 460 3392 textorsi.
498 3330 598 3393 atille
621 3349 683 3392 non
707 3330 903 3392 indelectatus
926 3330 1058 3408 nequitia
1082 3348 1162 3406 mea,
1188 3337 1348 3410 postquam
1372 3331 1419 3394 diu

343 3424 465 3495 questus
486 3425 532 3478 est
553 3415 710 3497 deceptum
733 3434 765 3478 sc
788 3424 818 3478 et
839 3416 970 3477 derisum
993 3415 1222 3495 traductumque
1245 3417 1326 3477 inter
1347 3434 1420 3479 con·

305 3513 320 3563 5
342 3501 517 3582 discipulos,
540 3500 650 3581 quibus
665 3501 802 3564 iactasset
817 3520 942 3564 censum
957 3519 1072 3576 meum,
1097 3501 1224 3563 “rideris
1238 3501 1360 3563 tamen’'
1375 3503 1421 3565 iu·

304 3598 320 3648 6
342 3587 407 3667 quit
429 3589 512 3649 “non
528 3606 580 3649 ero
599 3587 643 3649 tui
660 3586 772 3654 similis.
811 3587 836 3649 si
860 3587 928 3667 quid
951 3588 1011 3662 vis,
1033 3587 1080 3648 lac
1095 3586 1232 3651 iterum''.
1270 3606 1327 3667 ego
1350 3606 1421 3650 vero

342 3673 475 3753 deposita
491 3673 572 3734 omni
588 3673 702 3735 ollensa
717 3690 785 3734 cum
800 3690 896 3754 puero
910 3673 941 3734 in
954 3672 1078 3753 gratiam
1090 3674 1164 3734 redii
1180 3691 1311 3753 ususque
1327 3671 1419 3736 bens·
1437 3677 1459 3731 a

305 3759 410 3821 tlicio
432 3758 497 3821 eius
519 3758 550 3819 in
573 3776 712 3820 somnum
736 3758 874 3839 delapsus
895 3777 972 3821 sum.
1009 3758 1061 3820 sed
1084 3778 1145 3820 non
1175 3759 1231 3820 luit
1258 3767 1421 3822 contentus

342 3844 500 3907 iteratione
522 3842 657 3924 ephebus
684 3843 791 3923 plenae
819 3843 998 3906 maturitatis
1027 3852 1056 3904 et
1078 3846 1166 3907 annis
1189 3844 1224 3905 ad
1247 3844 1421 3924 patiendum

342 3929 547 4009 gestientibus.
590 3929 691 4010 itaque
713 3930 850 3992 excitavit
872 3949 919 3992 me
941 3929 1071 4009 sopitum
1094 3940 1124 3992 et
1147 3930 1313 4008 “numquid
1335 3928 1421 3993 vis?’'

304 4025 319 4076 s
341 4016 448 4096 inquit.
474 4024 505 4078 et
520 4033 581 4077 non
598 4015 687 4095 plane
698 4015 756 4078 iam
767 4017 923 4079 molestum
936 4024 999 4077 erat
1013 4033 1132 4078 munus.
1159 4026 1314 4095 utcunque
1330 4016 1422 4097 igitur

429 4222 445 4272 4
463 4218 647 4272 obdormissem
661 4217 671 4285 Ι
684 4221 700 4271 6
717 4217 787 4287 quod
805 4218 972 4285 promiseram
990 4220 1054 4268 ante
1070 4217 1167 4285 edidit!
1181 4219 1211 4271 18
1224 4232 1286 4285 ergo
1304 4217 1420 4272 romae

339 4287 442 4355 dona!
456 4290 488 4341 20
507 4288 590 4340 vinxit
605 4288 695 4340 macie
714 4288 841 4355 quislibit
859 4300 962 4340 sensum
