3417 4934
540 1110 737 1198 ‚INDICES
763 1110 1052 1198 PETRONIANI

749 1306 851 1313 u——m

548 1419 794 1484 CONSPECTVS
818 1420 1049 1483 SATVRARVM
1099 1439 1105 1448 ·

343 1608 405 1671 cop.
423 1594 438 1654 1
456 1590 652 1671 EEncolpins,
664 1596 716 1673 qui
725 1612 779 1654 sua
790 1595 901 1655 saturis
910 1589 956 1653 his
970 1591 1036 1670 fata
1051 1603 1180 1666 enarrat,
1193 1594 1225 1652 in
1235 1610 1342 1671 yroeca

256 1674 436 1755 θωρακίου
448 1676 520 1738 urhe
534 1676 738 1756 confabulatus
753 1697 818 1741 cum
833 1677 1045 1757 Ayomemnone
1064 1676 1177 1739 rhetore
1196 1676 1341 1741 declamo·

253 1763 370 1821 tionum
384 1760 567 1842 reprehendit
581 1765 705 1843 ineptius
720 1763 824 1845 ysihus
838 1781 911 1826 ocra
921 1765 1044 1843 perierit
1058 1761 1228 1843 eloquentia.
1252 1764 1357 1828 3-5.

253 1846 407 1925 respondet
421 1845 469 1908 illi
480 1846 579 1909 rhetor
588 1857 724 1928 parentes
744 1853 883 1911 incusans
897 1851 948 1928 qui
961 1846 1065 1909 liheros
1078 1866 1147 1909 suas
1165 1866 1265 1911 severo
1280 1848 1339 1929 lcye

254 1934 375 1993 institui
393 1931 489 1993 nolint
510 1942 537 1993 et
551 1936 690 2013 optimam
712 1934 752 1995 ad
770 1934 963 2015 eloquentiam
984 1937 1063 1994 ceam
1085 1936 1213 1994 carmine
1234 1933 1342 1995 adum-

255 2015 345 2079 hrons
365 2017 566 2099 extemporali.
590 2019 674 2083 6-8
690 2018 847 2100 Encolpius
862 2018 996 2098 Ascylton
1010 2016 1137 2080 sodalem
1152 2038 1238 2080 suum
1252 2038 1340 2100 quoe·

253 2104 350 2164 ritons
364 2103 401 2164 ah
416 2103 534 2165 anicula
556 2103 707 2166 deducitur
720 2107 753 2166 in
767 2104 919 2183 fornicem
933 2103 987 2165 uhi
1000 2107 1087 2165 etiam
1101 2102 1226 2165 sodohm
1241 2105 1339 2184 deprc-

253 2185 362 2249 hendit.
384 2188 484 2252 9—11
508 2187 595 2252 Giton
611 2189 746 2270 Encolpii
758 2190 876 2251 deliciae
888 2188 926 2250 ah
942 2188 1055 2269 Ascylto
1070 2188 1128 2250 sihi
1140 2192 1201 2251 aim
1216 2190 1340 2252 inlatam

255 2275 398 2353 monetur,
406 2273 522 2353 litiyant
528 2273 852 2355 EncolpiusetAscyltos
861 2274 1176 2355 divisisyuesorcinulis
1183 2274 1340 2350 discedunt,

254 2374 390 2420 resersus
404 2368 502 2421 autem
516 2358 644 2439 Ascyltos
658 2360 889 2422 concumbentem
904 2378 969 2421 aum
985 2357 1088 2420 Gitone
1102 2358 1261 2439 Encolpion
1274 2378 1340 2421 oer-

255 2440 347 2504 herot.
385 2444 511 2507 12—15
527 2448 560 2506 in
574 2445 641 2524 foro
656 2444 815 2525 Encolpius
830 2455 858 2507 et
872 2443 999 2524 Ascyltos
1017 2442 1142 2524 palliam
1161 2445 1342 2507 venditantes

255 2530 412 2590 inueniunt
431 2533 573 2592 maison
589 2548 654 2592 cum
668 2530 801 2593 tunicula
816 2548 903 2611 quam
917 2532 976 2609 ipsi
989 2533 1150 2591 amiserant
1168 2533 1266 2591 aara‘s
1276 2530 1340 2611 plc-

254 2631 336 2686 nom,
348 2612 475 2693 pollicem
489 2618 616 2677 rusticus
626 2633 772 2696 comesque
783 2619 847 2677 eius
857 2613 965 2676 mulier
978 2614 1036 2675 sihi
1046 2626 1174 2695 ereptum
1186 2614 1339 2677 latrocinio

255 2697 393 2771 clamaret,
408 2703 538 2762 tunicam
553 2698 646 2762 altera
658 2719 730 2782 pars
746 2709 908 2780 recuperat.
948 2701 1073 2764 16-19
1088 2702 1168 2761 venit
1182 2699 1220 2761 od
1235 2699 1340 2761 Encol-

249 2787 326 2865 pion
339 2794 367 2846 et
380 2782 515 2865 Ascylton
529 2787 562 2847 in
581 2784 728 2848 stohulum
749 2784 900 2858 Quartilla
921 2803 1007 2865 ysam
1028 2784 1210 2868 offenderant
1230 2783 1340 2866 Priapo

253 2868 479 2951 sacrificoutcm,
502 2873 631 2933 iniuriae
650 2871 882 2950 satisfactionem
902 2870 1051 2951 morhiyue
1070 2871 1229 2932 remedium
1250 2888 1340 2951 eapo-

252 2953 379 3016 stnlons.
418 2957 539 3019 19-21
564 2958 771 3025 sariiemodis
791 2960 865 3019 torti
882 2960 998 3019 iuvenes
1018 2974 1083 3017 cum
1107 2953 1260 3028 Quartilla
1280 2955 1340 3016 dis·

253 3040 396 3102 cumhunt
415 3044 449 3103 in
468 3041 606 3104 triclinio.
643 3043 773 3105 22-24
802 3044 899 3104 cenmi
926 3060 993 3103 cum
1018 3041 1191 3113 dormirent,
1213 3041 1343 3112 furandi
1478 3039 1481 3044 '

253 3128 404 3187 occasione
424 3124 498 3205 Syri
517 3137 661 3199 utantur,
689 3128 908 3207 eaperyesactos
929 3128 1021 3189 coedit
1042 3127 1188 3189 cinaedus.
1233 3127 1274 3189 25
1297 3128 1340 3190 26

254 3208 408 3283 Quartilla
423 3210 543 3292 Psyches
558 3212 714 3274 ancillulae
728 3230 798 3274 suoc
814 3231 880 3275 cum
896 3211 999 3274 Gitone
1013 3217 1132 3291 nuptias
1145 3215 1279 3292 imperat.

343 3297 385 3360 26
400 3298 441 3360 27
456 3295 517 3358 alio
528 3297 574 3359 die
584 3309 739 3362 conaturus
754 3298 833 3379 apud
845 3295 1087 3359 Trimalchionem
1101 3296 1269 3358 lihcrtinum
1279 3296 1340 3358 En·

252 3380 368 3462 colpius
389 3400 455 3444 cam
476 3380 588 3463 Ascylto
610 3382 740 3446 mactum
761 3386 785 3445 it
808 3381 1006 3463 ludentemyue
1026 3391 1133 3463 spectat
1152 3400 1248 3444 senem
1267 3381 1340 3462 pilo.

252 3467 383 3532 28-31
400 3470 530 3549 seyuitm
544 3488 564 3529 a
579 3467 680 3530 holneo
699 3465 951 3540 Trimalchionem,
966 3469 1084 3530 domum
1099 3471 1161 3529 eius
1174 3470 1267 3528 intrat
1280 3470 1341 3529 mi-

251 3562 350 3624 ratus,
362 3570 417 3633 per
430 3552 564 3632 familiae
587 3552 827 3635 lautitiarumque
842 3552 988 3615 obstacula
1007 3554 1104 3614 euadit
1116 3552 1156 3614 ad
1168 3552 1340 3614 triclinium.

252 3638 386 3705 31—33
401 3637 601 3712 discumbitur,
621 3639 759 3718 adfertur
777 3642 913 3718 yenatio,
935 3643 996 3719 ipse
1010 3638 1150 3709 aeaumhit
1168 3635 1340 3699 Trimalchio

253 3726 426 3805 tesserisque
447 3723 544 3786 ludere
557 3728 662 3804 peryit.
699 3726 827 3790 34-36
842 3723 982 3786 laudator
1004 3724 1139 3785 dominns
1149 3731 1270 3803 propter
1283 3721 1341 3782 ele-

249 3811 380 3891 yantios,
401 3813 470 3872 oino
491 3808 589 3872 odlota
604 3821 632 3872 et
645 3808 777 3872 cilonem
797 3812 968 3890 repositorio
988 3808 1124 3871 hortatur
1144 3818 1178 3869 ut
1192 3816 1293 3888 potent
1313 3815 1341 3868 et

249 3905 365 3958 macru.
402 3897 441 3961 at
459 3895 501 3961 38
516 3898 636 3975 soponit
656 3893 795 3975 Encolpio
816 3898 939 3957 consiva
953 3895 986 3956 dc
1004 3891 1223 3965 Trimalchione,
1242 3909 1340 3954 unare

249 3983 328 4055 eius,
347 3978 501 4043 mllihertis
522 3999 557 4043 ac
575 3982 715 4044 annon.
752 3982 877 4046 39—41
906 3977 1079 4042 Trimalchio
1098 3976 1288 4059 philoloyiom
1309 3995 1340 4038 ee

251 4083 343 4129 noete
363 4067 485 4130 ostendit
506 4074 533 4127 ct
553 4066 589 4128 oh
611 4065 701 4128 altero
723 4062 836 4145 ferculo
859 4068 955 4146 euryit
975 4065 1013 4127 od
1033 4065 1177 4128 lasanum.
1210 4064 1340 4127 41-46

252 4150 375 4216 ahsente
389 4170 421 4215 eo
436 4154 668 4215 sermocinantur
688 4154 835 4224 conoiaac,
850 4151 885 4214 de
899 4160 1061 4231 tempestate
1081 4148 1186 4222 Dama,
1205 4147 1340 4211 Seleucus
