3417 4934
390 474 453 535 234
854 474 1002 530 SENECAE

351 649 374 717 9
474 650 593 711 tandem
608 649 669 710 lovi
684 650 766 711 vonit
783 650 813 711 in
830 657 972 722 mentem,
987 648 1109 730 privatin
1130 649 1208 711 intra
1224 650 1337 712 curiam
1351 668 1456 713 moran·

389 735 470 798 tibus
491 735 671 798 unctoribus
699 753 759 797 noo
781 734 867 797 licere
889 735 1067 796 sententiam
1096 734 1196 797 dicere
1226 754 1284 797 nec
1310 735 1457 817 disputare.

390 818 465 902 ‘ego'
486 821 585 901 inquit
600 825 639 899 ‘p.
656 839 682 885 c.
699 820 885 899 interrogare
906 819 990 882 vobis
1012 820 1221 900 permiseram,
1244 840 1298 883 vos
1312 839 1394 883 mera
1408 842 1458 884 ma

389 907 465 987 palia
481 906 601 968 fecistis.
624 905 690 966 volo
706 916 740 967 ut
754 906 878 968 servetis
892 905 1079 985 disciplinam
1094 907 1203 968 cutiae.
1235 906 1285 969 hic
1300 906 1459 986 qualiscun-

358 997 447 1072 2que
462 1000 516 1066 est,
540 991 663 1071 quidde
684 991 771 1053 nobis
793 989 1001 1053 existimabiti’
1023 992 1074 1053 illo
1097 992 1218 1053 dimisso
1241 993 1359 1072 primus
1381 992 1482 1056 inter-t

389 1084 513 1158 rogatur
527 1077 705 1138 sententiam
723 1075 813 1139 lanus
833 1084 929 1157 pater.
952 1075 977 1139 is
993 1078 1164 1157 designatus
1178 1085 1243 1139 erat
1257 1078 1290 1140 in
1305 1077 1366 1140 kal.
1386 1078 1462 1141 Inlita

388 1163 639 1244 postmeridianus
668 1163 789 1235 consul,
816 1163 907 1222 homo
937 1163 1125 1241 quantumvis
1154 1164 1252 1239 vafer,
1274 1163 1328 1243 qui
1358 1181 1464 1246 semper

388 1249 468 1311 videt
482 1250 551 1331 ἅμα
569 1252 712 1332 πρόσσω
728 1250 786 1311 καὶ
801 1250 951 1311 ὀπίσσω.
973 1248 999 1309 is
1013 1248 1105 1310 multa
1126 1248 1247 1324 diserte,
1263 1248 1347 1328 quod
1362 1250 1394 1312 in
1409 1251 1464 1311 loro
1508 1285 1509 1310 l

390 1334 513 1409 vivebat,
536 1334 618 1407 dixit,
642 1351 717 1413 quae
741 1334 876 1394 notarius
898 1335 1038 1413 persequi
1054 1353 1115 1395 non
1139 1334 1247 1414 potuit,
1269 1342 1303 1396 et
1323 1335 1391 1397 ideo
1413 1354 1462 1397 non

359 1420 497 1491 treiero,
510 1438 548 1480 ne
560 1419 624 1480 aliis
635 1418 734 1480 verbis
748 1437 869 1498 ponam,
885 1435 961 1497 quae
976 1418 1013 1480 ab
1030 1419 1080 1480 illo
1096 1417 1173 1480 diota
1189 1429 1270 1481 sunt.
1294 1420 1390 1482 multa
1404 1420 1493 1483 dititlt

390 1506 427 1566 de
442 1503 649 1583 magnitudine
664 1506 807 1568 deorum:
830 1523 890 1565 non
909 1502 1018 1565 debere
1040 1504 1122 1565 huno
1136 1505 1224 1585 vulgo
1239 1504 1304 1566 dari
1319 1506 1465 1568 honorem.

390 1587 480 1652 ‘olim'
502 1590 601 1669 inquit
623 1596 738 1669 ‘magna
762 1607 810 1651 res
825 1598 890 1650 erat
914 1589 1003 1650 deum
1026 1591 1107 1651 fleri:
1129 1590 1187 1651 iam
1213 1592 1323 1651 lamam
1353 1592 1464 1653 mimum

390 1676 512 1738 lecistis.
527 1676 627 1754 itaque
643 1694 682 1736 ne
693 1675 793 1736 videar
807 1676 837 1736 in
853 1693 1025 1754 personam,
1039 1693 1100 1736 non
1113 1674 1145 1736 in
1162 1693 1226 1736 rem
1241 1675 1343 1738 dicere
1355 1687 1466 1739 conten·

390 1763 471 1835 tiem,
487 1778 597 1821 censeo
619 1778 658 1821 ne
679 1762 745 1839 quis
759 1770 829 1841 post
848 1760 931 1821 hunc
946 1760 1024 1822 diem
1039 1761 1113 1822 deus
1127 1761 1179 1821 fiat
1193 1780 1228 1822 ex
1240 1760 1297 1838 his,
1313 1762 1366 1841 qui
1379 1765 1465 1849 duod

391 1869 452 1933 ρης
473 1848 606 1931 καρπὸν
628 1843 775 1924 ἔδουσιν,
799 1855 850 1907 aut
865 1864 900 1906 ex
915 1845 973 1920 his,
989 1864 1064 1925 quos
1084 1844 1137 1907 alit
1151 1842 1314 1931 ζείδωρος
1336 1850 1494 1934 (locopell

391 1935 441 2013 qui
465 1939 570 1992 contra
593 1930 651 1991 hoc
673 1931 987 1992 senatusconsultum
1010 1933 1083 1993 deus
1098 1931 1205 2007 factus,
1228 1932 1327 1994 dictus
1342 1936 1465 2013 pictusve

391 2019 457 2098 erit,
473 2035 541 2077 eum
558 2015 625 2076 dedi
637 2015 742 2077 Laruis
758 2027 788 2077 et
802 2015 940 2097 proximo
956 2035 1081 2078 munere
1097 2018 1179 2078 inter
1194 2036 1289 2080 novos
1304 2028 1466 2081 auctoratos

359 2110 374 2159 t
389 2102 494 2166 ferulis
509 2101 648 2181 vapulare
665 2098 782 2181 placet!
804 2100 959 2182 proximus
974 2102 1179 2182 interrogatur
1192 2105 1377 2166 sententiam
1392 2104 1465 2167 Dien-

390 2191 468 2270 piter
483 2187 571 2248 Vicae
585 2186 677 2248 Potae
692 2187 787 2262 fliius,
803 2187 912 2264 etipse
928 2187 1100 2267 designatus
1115 2188 1238 2263 consul,
1261 2190 1467 2252 nummulario·

390 2278 451 2338 lue:
479 2272 538 2334 hoc
560 2282 684 2352 quaestu
700 2291 733 2334 se
748 2272 930 2347 sustinebat,
956 2274 1087 2334 vendere
1108 2274 1273 2336 civitatulas
1295 2274 1420 2339 solebat
1438 2273 1496 2335 adtt

389 2363 472 2423 hunc
487 2358 565 2420 belle
580 2359 705 2420 accessit
726 2358 871 2421 Hercules
885 2366 916 2419 et
929 2359 1090 2420 auriculam
1106 2359 1149 2420 illi
1164 2359 1273 2439 tetigit.
1304 2369 1411 2423 censet
1421 2361 1468 2422 ita·

361 2452 376 2501 5
391 2465 449 2526 que
465 2446 495 2508 in
511 2444 586 2523 haec
601 2443 707 2505 verba:
724 2450 802 2505 ‘cum
817 2444 902 2504 divus
918 2443 1056 2507 Claudius
1071 2453 1102 2504 et
1116 2443 1215 2506 divum
1228 2448 1397 2526 Augustum
1411 2465 1469 2509 san·

392 2532 483 2613 guine
499 2530 655 2610 contingat
677 2548 734 2590 nec
749 2529 849 2591 minus
871 2528 967 2590 divam
983 2532 1144 2609 Augustam
1162 2531 1253 2591 aviam
1270 2550 1368 2608 suam,
1390 2548 1468 2612 mant

391 2620 455 2699 ipse
471 2617 555 2677 deam
573 2633 638 2677 esse
654 2614 749 2700 iussit,
774 2615 924 2695 longeque
947 2633 1052 2677 omnes
1067 2616 1209 2677 mortales
1231 2617 1379 2697 sapientia
1394 2626 1469 2679 anu·

392 2702 488 2780 collat,
509 2702 607 2780 sitque
623 2700 823 2781 erepublica
841 2718 907 2761 esse
929 2701 1058 2780 aliquem
1075 2700 1210 2780 quicum
1233 2702 1364 2765 Romulo
1386 2702 1498 2785 poasittt

392 2787 555 2850 “ferventia
576 2804 646 2866 rapa
673 2783 803 2860 vorare’',
826 2804 937 2847 censeo
961 2786 1003 2847 uti
1026 2786 1109 2848 divus
1136 2786 1274 2849 Claudius
1297 2806 1334 2849 ex
1349 2789 1405 2851 hac
1428 2787 1470 2849 die

392 2874 467 2935 deus
489 2873 536 2946 sit,
560 2872 599 2933 ita
621 2871 665 2931 uti
681 2882 750 2933 ante
777 2890 844 2933 eum
862 2872 913 2951 qui
937 2872 1050 2951 optimo
1077 2872 1142 2933 iure
1164 2873 1260 2934 lactus
1282 2874 1331 2951 sit,
1353 2891 1470 2953 eamque

360 2970 454 3020 trem
471 2959 505 3019 ad
522 2957 771 3036 metamorphosis
788 2956 872 3017 Ovidi
895 2949 1099 3018 adiciendam'.
1122 2958 1218 3019 variae
1239 2967 1327 3019 erant
1355 2968 1470 3022 senten·

391 3044 457 3119 tiae,
474 3054 503 3104 et
518 3042 671 3103 videbatur
687 3041 825 3103 Claudius
840 3036 1043 3126 [sententiam]
1065 3042 1195 3104 vincere.
1218 3043 1366 3106 Hercules
1388 3044 1471 3128 enin,

392 3130 443 3208 qui
459 3127 571 3189 videret
585 3129 698 3187 terrum
716 3144 803 3187 sunm
818 3127 851 3187 in
866 3127 936 3204 igne
952 3146 1028 3203 esse,
1039 3128 1128 3189 modo
1142 3129 1202 3190 huo
1216 3128 1308 3190 modo
1321 3129 1394 3192 illuc
1408 3135 1500 3192 cur-tt

391 3213 476 3276 sabat
497 3223 527 3273 et
548 3210 660 3272 aiebat:
684 3212 757 3272 ‘noli
778 3211 851 3272 mihi
874 3211 1016 3288 invidere,
1038 3231 1104 3275 mea
1120 3232 1168 3275 res
1183 3215 1296 3293 agitur3
1318 3213 1427 3278 deinde
1440 3224 1470 3276 tu

392 3298 503 3377 siquid
519 3297 658 3370 volueris,
674 3298 704 3357 in
722 3297 815 3358 vicem
831 3297 953 3373 faciam3
968 3317 1077 3361 manus
1090 3317 1212 3360 manum
1229 3298 1324 3362 lavat'.

340 3379 383 3447 10
476 3391 551 3444 tunc
572 3382 657 3444 divus
673 3384 824 3463 Augustus
846 3382 978 3445 surrexit
999 3384 1166 3446 sententiae
1188 3404 1259 3447 suae
1281 3386 1350 3447 loco
1373 3386 1470 3448 dicen·

391 3470 446 3532 dae
461 3476 491 3530 et
505 3485 619 3530 summa
642 3469 779 3530 facundia
802 3469 958 3533 dissemit:
985 3467 1061 3550 ‘ego’
1083 3469 1182 3549 inquit
1203 3476 1244 3551 ‘p.
1268 3488 1294 3532 c.
1310 3490 1364 3533 vos
1384 3479 1471 3533 testes

390 3554 496 3640 habeo,
510 3573 546 3616 ex
562 3571 621 3633 quo
637 3554 712 3615 deus
726 3556 822 3617 lactus
833 3573 910 3628 eum,
927 3555 1043 3616 nullum
1058 3574 1106 3616 me
1117 3555 1241 3617 verbum
1257 3556 1380 3619 iecisse:
1397 3563 1500 3620 sem-at

389 3659 444 3722 per
459 3658 558 3701 meum
582 3638 734 3719 negotium
757 3658 824 3720 ago.
847 3641 898 3703 sed
916 3659 977 3702 non
995 3659 1118 3721 possum
1141 3641 1268 3721 amplius
1290 3641 1471 3705 dissimulare

360 3736 421 3787 eet
442 3726 592 3799 dolorem,
615 3743 704 3805 quem
728 3726 893 3804 graviorem
921 3726 1019 3806 pudor
1040 3726 1125 3800 iacit,
1158 3727 1326 3788 continere.
1364 3730 1396 3790 in
1418 3728 1471 3789 hoc

391 3822 471 3873 terra
487 3813 621 3891 marique
643 3828 746 3891 paoem
764 3809 891 3890 peperi?
914 3811 981 3873 ideo
997 3811 1091 3873 civilia
1106 3811 1182 3873 bella
1198 3811 1394 3892 compescuit
1409 3813 1470 3874 ideo

478 3981 494 4031 2
512 3977 597 4030 dicere
615 3978 689 4032 nelos
706 3979 792 4047 putari
809 3979 946 4046 Huuptiue
958 3978 968 4045 Ι
981 3982 997 4032 8
1017 3978 1114 4031 iliadis
1126 3978 1157 4031 lll
1172 3982 1220 4033 109
1233 3980 1243 4047 Ι
1256 3983 1272 4034 9
1284 3980 1358 4033 vivat
1370 3981 1381 4049 Ι
1395 3982 1427 4034 11
1438 3980 1471 4032 la·

391 4046 450 4099 bam
469 4046 575 4099 mimum
590 4043 682 4101 Cicero
701 4047 792 4099 codem
809 4062 874 4099 mue
889 4049 1035 4114 prouerbio
1053 4047 1090 4098 ad
1105 4049 1164 4102 Aet.
1182 4048 1247 4113 11⁶,
1259 4050 1294 4103 id
1306 4047 1317 4116 Ι
1331 4052 1364 4103 ta
1374 4045 1471 4117 iecisti}

394 4118 426 4169 14
443 4115 540 4166 iliadis
554 4113 587 4168 Vl
600 4117 649 4169 142
666 4115 723 4183 115
739 4121 784 4167 aut
796 4143 829 4156 -
845 4117 952 4186 dpoopo
977 4115 1101 4168 dolorum
1119 4118 1246 4169 limandus
1263 4121 1291 4169 ct
1313 4117 1469 4181 Sclieffem.

391 4184 502 4236 Homm‘
518 4187 546 4235 ct
557 4184 667 4237 Hesiodi
678 4184 780 4238 locutio
791 4183 803 4254 Ι
816 4186 849 4240 16
861 4183 1036 4237 interciditnc
1046 4182 1163 4253 flctuail
1179 4188 1210 4239 18
1222 4182 1267 4237 ltin
1279 4190 1355 4253 pater
1366 4188 1410 4240 oei
1419 4184 1469 4238 iiic·

382 4251 458 4321 piter
474 4250 652 4306 Seleukeltue
663 4250 675 4324 Ι
686 4254 718 4308 tt
738 4254 797 4324 quie
810 4253 865 4322 133
883 4267 932 4306 eno
950 4252 1037 4305 coda
1060 4251 1312 4324 Guelferbytanus!
1326 4258 1360 4309 311
1378 4259 1406 4309 et
1423 4267 1468 4307 non
