3417 4934
400 470 440 529 38
860 470 1013 524 Pli¹l¹ll0llll

399 645 489 708 habui
505 660 676 723 nunquam;
698 662 787 706 nemo
807 644 879 705 mihi
901 644 933 705 in
953 644 1019 706 loro
1042 644 1114 707 dixit
1130 644 1242 707 “redde
1257 646 1339 725 quod
1354 644 1505 709 debcs”.¹

363 740 378 789 e
399 731 532 811 glebulas
547 729 615 803 emi,
635 729 798 791 lamellulas
813 729 928 811 paravi3
951 729 1056 810 viginti
1070 739 1190 792 ventres
1203 748 1294 810 pasco
1309 739 1339 793 et
1354 750 1473 808 cancm;

399 814 645 880 contubernalem
668 834 764 877 meam
786 816 908 889 redemi,
932 816 1052 895 nequis
1068 816 1098 877 in
1114 820 1184 879 aiau
1199 815 1277 878 illius
1291 835 1401 879 manus
1415 826 1473 879 ter·

399 912 499 983 geret3
522 901 602 963 mille
624 900 762 964 denarios
784 919 840 980 pro
857 899 953 981 capite
968 901 1040 963 solvi
1046 918 1055 976 ;
1078 902 1155 964 sevir
1173 902 1265 981 gratis
1281 902 1378 966 lactus
1393 922 1473 981 snm;

361 998 375 1045 r
398 1007 498 1069 spero,
514 988 556 1049 sic
571 987 689 1063 moriar,
704 995 738 1048 ut
754 995 890 1049 mortuus
906 1005 968 1048 non
984 988 1167 1049 erubescam.
1194 996 1225 1049 tn
1242 997 1342 1049 autem
1356 996 1420 1050 tarn
1433 988 1472 1052 la-
1488 1001 1500 1051 t

398 1073 537 1136 boriosus
553 1092 594 1147 es,
609 1080 643 1133 ut
656 1082 725 1153 post
738 1081 768 1133 te
784 1092 844 1134 non
858 1070 1022 1152 respicias?
1044 1073 1076 1134 in
1092 1072 1149 1134 alio
1164 1073 1321 1154 peduclum
1339 1073 1430 1148 vides,
1444 1074 1472 1136 in

362 1169 427 1221 ste
442 1159 571 1221 ricinum
593 1178 656 1220 non
671 1158 761 1220 vides.
798 1157 852 1219 tibi
875 1158 930 1219 soli
953 1157 1065 1220 ridiclei
1080 1158 1228 1234 videmnr3
1250 1176 1320 1221 ecce
1335 1159 1475 1239 magister
1514 1167 1516 1196 ¹

398 1255 478 1318 tuus,
500 1245 589 1306 homo
605 1243 699 1306 maior
713 1253 818 1306 natus:
840 1242 992 1323 placemus
1007 1243 1058 1305 illi.
1088 1252 1120 1305 tu
1135 1244 1337 1320 lacticulosus,
1353 1262 1412 1307 nec
1426 1263 1473 1307 mn

399 1350 455 1393 nec
470 1349 518 1391 rna
534 1339 660 1410 argutas,
683 1348 768 1391 vasus
785 1328 894 1403 fictilis,
910 1329 1002 1390 immo
1016 1329 1099 1391 lorus
1114 1330 1146 1390 in
1162 1347 1248 1409 aqua,
1270 1329 1390 1406 lentior,
1416 1349 1472 1393 non

361 1424 376 1474 9
398 1416 512 1479 melior.
534 1424 567 1478 tu
590 1414 766 1478 beatiores:
791 1414 836 1476 bis
859 1414 983 1495 prande,
1006 1413 1053 1477 bis
1075 1433 1160 1476 cena.
1194 1434 1250 1496 ego
1267 1414 1358 1477 tidem
1379 1425 1511 1478 meamtt

397 1503 476 1564 malo
492 1519 580 1582 quam
598 1501 761 1563 thesauros.
791 1501 826 1561 ad
842 1518 1001 1575 summam,
1018 1500 1174 1580 quisquam
1190 1518 1237 1561 me
1252 1499 1300 1562 bis
1316 1497 1475 1582 poposcit?

398 1587 485 1650 annis
500 1586 696 1667 quadraginta
711 1584 832 1661 servivi3
857 1604 945 1648 nemo
967 1596 1066 1647 tamen
1090 1586 1167 1659 sciit,
1189 1594 1291 1648 utrum
1309 1605 1414 1649 servus
1428 1605 1474 1649 aa·

397 1693 459 1735 sem
475 1691 514 1734 an
529 1671 614 1734 liber.
648 1680 679 1733 et
692 1690 769 1751 puer
785 1671 939 1751 capillatus
961 1672 992 1733 in
1008 1671 1086 1733 banc
1103 1671 1250 1733 coloniam
1272 1672 1357 1749 veni;
1378 1672 1474 1734 adhuc

347 1764 375 1815 10
397 1758 518 1821 basilica
534 1777 595 1819 non
613 1767 676 1819 erat
691 1760 777 1818 lacta.
810 1756 879 1818 dedi
894 1765 994 1818 tamen
1010 1775 1143 1837 operam,
1158 1766 1192 1818 ut
1207 1756 1330 1819 domino
1345 1758 1418 1820 satis
1433 1758 1474 1819 fa·

398 1862 507 1918 cerem,
529 1843 644 1904 homini
662 1843 796 1905 maiiesto
817 1852 846 1903 et
866 1843 1039 1923 dignitosso,
1062 1842 1147 1904 cuius
1165 1842 1260 1923 pluris
1275 1853 1339 1905 erat
1353 1843 1473 1924 unguis,
1491 1853 1513 1905 u

397 1947 485 2010 quam
500 1937 531 1989 tn
548 1936 629 1990 totus
644 1946 685 1991 cs.
715 1937 745 1989 et
758 1927 905 1989 habebam
924 1928 956 1989 in
976 1929 1075 2001 domo,
1098 1928 1150 2007 qui
1169 1928 1241 1989 mihi
1256 1928 1363 2010 pedem
1379 1947 1473 2011 oppo-

346 2022 374 2073 11
397 2023 505 2077 nerent
519 2014 574 2075 hac
590 2013 673 2089 illac;
695 2022 792 2075 tamon
810 2048 851 2059 -
868 2013 956 2093 genio
971 2013 1050 2075 illins
1066 2013 1174 2092 gratias
1188 2046 1231 2058 —
1247 2014 1373 2076 enatavi.
1404 2016 1475 2076 haec

397 2109 550 2163 suntvera
565 2100 658 2177 athla;
682 2117 750 2160 nam
775 2093 829 2185 [in]
854 2100 1019 2179 ingenuum
1040 2099 1196 2161 nescitam
1212 2099 1297 2161 facile
1319 2108 1365 2162 est
1386 2117 1475 2179 quarn

397 2186 525 2248 “accede
540 2184 644 2250 istoc”.
667 2186 736 2264 quid
753 2203 836 2247 nunc
850 2194 954 2265 stupes
968 2193 1110 2264 tanquam
1125 2185 1228 2247 hircus
1242 2186 1274 2246 in
1289 2182 1425 2247 ervilia‘l'

346 2266 388 2335 58
482 2271 623 2353 posthoc
639 2270 749 2332 dictum
765 2270 866 2346 Giton,
890 2270 941 2349 qui
957 2271 992 2332 ad
1008 2269 1099 2350 pedes
1115 2270 1219 2344 stabat,
1241 2270 1334 2332 nsum
1350 2270 1409 2332 iam
1425 2271 1475 2335 dio
1491 2275 1516 2332 22

397 2374 602 2438 compressum
617 2356 705 2417 etiam
724 2356 901 2418 indecenter
915 2356 1028 2417 effudit.
1063 2357 1143 2436 quod
1162 2374 1231 2417 cum
1251 2355 1475 2420 animadvertis-

358 2454 373 2504 2
395 2452 440 2506 set
453 2442 637 2506 adversarius
651 2441 771 2523 Ascylti,
794 2441 875 2503 llexit
890 2441 1058 2503 convicium
1073 2442 1102 2502 in
1120 2459 1248 2521 puerum
1263 2449 1294 2502 et
1307 2446 1351 2503 ‘tu
1367 2441 1476 2504 autem'

396 2530 495 2609 inquit
510 2529 607 2589 ‘etiam
623 2536 657 2589 tu
672 2528 761 2601 rides,
782 2546 873 2607 caepa
889 2525 1019 2588 cirrata?
1041 2528 1070 2588 io
1086 2526 1265 2602 Saturnalia,
1285 2545 1371 2607 rogo,
1390 2546 1475 2591 men·

396 2616 436 2678 sis
451 2614 610 2677 december
624 2611 692 2675 est?
715 2615 834 2693 quando
851 2614 1019 2675 vicesimam
1036 2610 1221 2674 numerasti?
1343 2612 1416 2692 quid
1432 2615 1474 2675 la·

397 2702 464 2776 ciat,
481 2700 578 2763 crucis
594 2700 671 2772 oilla,
686 2717 843 2761 corvorum
860 2698 980 2760 cibaria.
1010 2696 1132 2771 curabo,
1147 2697 1205 2759 iam
1220 2698 1274 2760 tihi
1289 2697 1365 2761 lovis
1379 2698 1475 2760 iratus
1492 2705 1516 2760 u

359 2797 373 2846 3
396 2788 443 2861 sit,
459 2796 489 2847 et
504 2787 551 2849 isti
567 2786 618 2865 qui
633 2784 687 2847 tibi
703 2804 765 2846 non
782 2786 918 2864 imperat
942 2785 981 2845 ita
993 2792 1076 2845 satur
1090 2802 1169 2862 pane
1182 2785 1262 2856 fiam,
1277 2793 1310 2845 ut
1325 2802 1381 2864 ego
1396 2784 1476 2847 istud

398 2871 564 2934 conliberto
586 2889 652 2933 mec
672 2871 769 2951 dono;
794 2870 924 2949 alioquin
941 2870 998 2931 iam
1014 2869 1069 2930 tibi
1088 2868 1359 2948 depraesentiarum
1376 2869 1475 2932 reddi·

397 2958 516 3020 dissem.
540 2956 618 3018 hene
633 2974 689 3017 nos
703 2954 857 3029 habemns,
873 2964 903 3016 at
917 2955 965 3017 isti
980 2972 1087 3035 nugae,
1103 2955 1153 3033 qui
1168 2953 1222 3016 tibi
1238 2973 1300 3016 non
1316 2954 1475 3035 imperant

360 3053 375 3101 t
397 3043 485 3124 plane
507 3042 603 3122 qualis
624 3040 774 3115 dominus,
796 3040 862 3103 talis
883 3048 913 3102 et
931 3059 1043 3103 servus.
1079 3040 1127 3101 vix
1145 3058 1193 3102 me
1214 3048 1314 3114 teneo,
1337 3058 1394 3101 nec
1410 3059 1475 3103 suan

400 3137 504 3190 natura
523 3125 760 3200 caldicerebrius,
782 3126 831 3188 aad
851 3144 920 3187 cunr
942 3126 1039 3209 coepi,
1061 3133 1186 3187 matrem
1209 3144 1306 3187 meam
1327 3125 1476 3207 dupundii
1494 3135 1516 3186 u

400 3233 461 3276 non
478 3213 565 3275 facio.
594 3222 686 3294 recte,
711 3211 816 3273 videbo
831 3222 862 3273 te
877 3211 909 3274 in
925 3211 1088 3292 publicum,
1112 3229 1186 3286 mus,
1208 3212 1298 3272 immo
1314 3219 1413 3273 terrae
1428 3221 1476 3273 tn·

361 3309 376 3357 5
398 3300 465 3361 her:
479 3317 546 3361 nec
561 3316 679 3361 sursum
695 3317 751 3360 nec
766 3298 906 3359 deorsum
922 3316 985 3359 non
1007 3315 1121 3370 cresco,
1144 3296 1201 3359 nisi
1216 3296 1370 3358 dominum
1391 3306 1477 3360 tuum

398 3386 537 3449 inrutae
558 3384 663 3445 lolium
686 3402 748 3445 non
772 3382 899 3456 conieci,
923 3401 979 3444 nec
996 3381 1050 3444 tibi
1071 3400 1204 3462 parsero,
1226 3382 1297 3444 licet
1318 3382 1477 3444 mehercu-

399 3471 442 3533 les
457 3470 555 3531 lorem
572 3469 740 3551 Olympium
757 3468 876 3530 clames.
911 3467 1032 3542 curabo,
1054 3467 1144 3547 longe
1163 3467 1216 3529 tibi
1236 3467 1274 3529 sit
1289 3468 1406 3529 comula
1421 3469 1477 3531 ista

362 3566 377 3615 e
399 3556 506 3619 besalis
529 3564 559 3617 et
580 3555 720 3617 dominus
742 3554 979 3633 dupunduarius.
1016 3562 1113 3627 recte,
1135 3553 1237 3615 venies
1259 3552 1315 3615 sub
1337 3554 1475 3616 dentem:
1495 3563 1516 3616 a

400 3652 452 3704 ant
466 3660 521 3722 ego
537 3660 600 3701 non
620 3659 667 3702 me
688 3641 767 3714 novi,
790 3649 922 3701 autnon
944 3637 1102 3712 deridebis,
1124 3638 1193 3700 licet
1214 3637 1336 3700 barbam
1355 3657 1476 3702 auream

364 3739 378 3787 a
400 3727 519 3791 habeas.
552 3726 667 3787 Athana
682 3725 736 3786 tibi
756 3726 828 3786 irata
844 3726 892 3797 sit,
915 3724 1037 3799 curabo,
1060 3733 1090 3785 et
1103 3725 1155 3803 qui
1170 3734 1199 3786 te
1213 3724 1331 3806 primus
1344 3724 1478 3790 deurode

401 3815 479 3879 lecit
517 3831 579 3875 non
603 3810 690 3873 didici
712 3811 898 3890 geometriae,
921 3810 1022 3872 critica
1042 3819 1073 3871 et
1090 3810 1201 3889 alogias
1220 3810 1343 3885 menias,
1366 3811 1419 3873 sed
1434 3811 1477 3873 la-

401 3899 529 3982 pidarias
544 3897 656 3960 litteras
670 3897 742 3973 scio,
765 3904 866 3977 partes
884 3905 1005 3959 centum
1021 3896 1088 3957 dico
1102 3894 1138 3957 ad
1154 3914 1213 3970 aes,
1236 3895 1273 3957 ad
1287 3896 1418 3976 pondus,
1440 3898 1477 3960 ad

488 4054 520 4105 lb
538 4049 599 4102 mali
615 4049 667 4102 istc
680 4048 691 4117 Ι
704 4050 735 4102 23
752 4046 840 4100 turdes
858 4062 921 4113 cepa
940 4048 1034 4116 pirrata
1053 4063 1069 4099 o
1088 4049 1099 4114 Ι
1123 4049 1157 4099 tt
1174 4049 1282 4099 videtur
1308 4049 1479 4101 intermisse

401 4120 484 4173 nescit
496 4120 507 4187 l
519 4121 552 4173 28
570 4117 675 4172 antisti
694 4131 777 4185 penge
789 4116 799 4182 l
813 4117 845 4169 29
863 4120 921 4179 nec]
939 4121 965 4169 et
977 4115 988 4183 Ι
1000 4119 1033 4171 30
1051 4114 1141 4167 caldus
1158 4115 1226 4169 cicer
1243 4116 1300 4168 eins
1319 4116 1330 4183 Ι
1354 4118 1387 4170 32
1405 4119 1478 4183 [non]

401 4203 516 4241 crescam
530 4187 710 4239 Hadriauidsa
722 4186 733 4254 l
745 4186 778 4238 33
796 4184 909 4236 coniecit
925 4185 1021 4248 eodan,
1038 4184 1396 4248 [uon1mniecerollea‘ma‘us
1411 4185 1417 4253 Ι
1432 4201 1479 4253 par

402 4272 446 4310 erc
459 4256 469 4325 i
482 4258 514 4310 tt
533 4272 570 4309 an
589 4252 669 4326 δεῦρο
688 4251 742 4323 dell
758 4256 778 4306 i.
796 4252 922 4305 accedere
939 4254 976 4306 ad
992 4269 1020 4304 aa
1037 4252 1079 4303 val
1094 4254 1172 4318 sequi
1187 4257 1220 4304 ut
1237 4252 1362 4305 &licium
