<?xml version="1.0" encoding="UTF-8"?>
<!DOCTYPE html PUBLIC "-//W3C//DTD XHTML 1.0 Transitional//EN"
    "http://www.w3.org/TR/xhtml1/DTD/xhtml1-transitional.dtd">
<html xmlns="http://www.w3.org/1999/xhtml" xml:lang="en" lang="en">
 <head>
  <title>
</title>
<meta http-equiv="Content-Type" content="text/html;charset=utf-8" />
  <meta name='ocr-system' content='tesseract 3.04.00' />
  <meta name='ocr-capabilities' content='ocr_page ocr_carea ocr_par ocr_line ocrx_word'/>
</head>
<body>
  <div class='ocr_page' id='page_1' title='image "./petroniisaturae00varrgoog_0083.png"; bbox 0 0 3417 4934; ppageno 0'>
   <div class='ocr_carea' id='block_1_1' title="bbox 720 449 1339 513">
    <p class='ocr_par' dir='ltr' id='par_1_1' title="bbox 720 449 1339 513">
     <span class='ocr_line' id='line_1_1' title="bbox 720 449 1339 513; baseline -0.003 -8"><span class='ocrx_word' id='word_1_1' title='bbox 720 449 877 505; x_wconf 73' lang='lat' dir='ltr'>servale</span> <span class='ocrx_word' id='word_1_2' title='bbox 1297 452 1339 513; x_wconf 72' lang='grc'>69</span> 
     </span>
    </p>
   </div>
   <div class='ocr_carea' id='block_1_2' title="bbox 205 622 1420 3693">
    <p class='ocr_par' dir='ltr' id='par_1_2' title="bbox 211 622 1373 954">
     <span class='ocr_line' id='line_1_2' title="bbox 211 622 1338 705; baseline 0.003 -21"><span class='ocrx_word' id='word_1_3' title='bbox 211 632 234 684; x_wconf 77' lang='lat' dir='ltr'>t</span> <span class='ocrx_word' id='word_1_4' title='bbox 253 631 284 686; x_wconf 88' lang='lat' dir='ltr'>et</span> <span class='ocrx_word' id='word_1_5' title='bbox 298 640 357 702; x_wconf 92' lang='lat' dir='ltr'>pro</span> <span class='ocrx_word' id='word_1_6' title='bbox 373 622 527 685; x_wconf 88' lang='lat' dir='ltr'>consortio</span> <span class='ocrx_word' id='word_1_7' title='bbox 541 622 709 686; x_wconf 91' lang='lat' dir='ltr'>studiorum</span> <span class='ocrx_word' id='word_1_8' title='bbox 724 624 883 686; x_wconf 90' lang='lat' dir='ltr'>commoda</span> <span class='ocrx_word' id='word_1_9' title='bbox 898 640 1036 697; x_wconf 91' lang='lat' dir='ltr'>manum;</span> <span class='ocrx_word' id='word_1_10' title='bbox 1059 642 1141 685; x_wconf 91' lang='lat' dir='ltr'>mors</span> <span class='ocrx_word' id='word_1_11' title='bbox 1155 624 1246 698; x_wconf 87' lang='lat' dir='ltr'>venit,</span> <span class='ocrx_word' id='word_1_12' title='bbox 1262 643 1338 705; x_wconf 86' lang='lat' dir='ltr'>quae</span> 
     </span>
     <span class='ocr_line' id='line_1_3' title="bbox 253 706 1373 789; baseline 0.001 -19"><span class='ocrx_word' id='word_1_13' title='bbox 253 707 313 770; x_wconf 88' lang='lat' dir='ltr'>nisi</span> <span class='ocrx_word' id='word_1_14' title='bbox 335 724 392 789; x_wconf 88' lang='lat' dir='ltr'>per</span> <span class='ocrx_word' id='word_1_15' title='bbox 413 715 444 769; x_wconf 88' lang='lat' dir='ltr'>te</span> <span class='ocrx_word' id='word_1_16' title='bbox 466 726 528 770; x_wconf 94' lang='lat' dir='ltr'>non</span> <span class='ocrx_word' id='word_1_17' title='bbox 551 708 631 783; x_wconf 89' lang='lat' dir='ltr'>licet,</span> <span class='ocrx_word' id='word_1_18' title='bbox 652 717 752 789; x_wconf 88' lang='lat' dir='ltr'>potest</span> <span class='ocrx_word' id='word_1_19' title='bbox 772 728 838 771; x_wconf 88' lang='lat' dir='ltr'>esse</span> <span class='ocrx_word' id='word_1_20' title='bbox 852 728 909 789; x_wconf 94' lang='lat' dir='ltr'>pro</span> <span class='ocrx_word' id='word_1_21' title='bbox 931 706 1077 773; x_wconf 89' lang='lat' dir='ltr'>munere’.</span> <span class='ocrx_word' id='word_1_22' title='bbox 1107 709 1267 772; x_wconf 91' lang='lat' dir='ltr'>inundatus</span> <span class='ocrx_word' id='word_1_23' title='bbox 1281 711 1373 775; x_wconf 78' lang='lat' dir='ltr'>baca</span> 
     </span>
     <span class='ocr_line' id='line_1_4' title="bbox 252 792 1339 875; baseline 0.003 -20"><span class='ocrx_word' id='word_1_24' title='bbox 252 792 423 871; x_wconf 75' lang='lat' dir='ltr'><strong>Eumolpus</strong></span> <span class='ocrx_word' id='word_1_25' title='bbox 437 793 548 854; x_wconf 81' lang='lat' dir='ltr'>invidia</span> <span class='ocrx_word' id='word_1_26' title='bbox 570 794 649 855; x_wconf 91' lang='lat' dir='ltr'>iurat</span> <span class='ocrx_word' id='word_1_27' title='bbox 668 812 724 874; x_wconf 85' lang='lat' dir='ltr'>per</span> <span class='ocrx_word' id='word_1_28' title='bbox 746 794 818 856; x_wconf 92' lang='lat' dir='ltr'>deos</span> <span class='ocrx_word' id='word_1_29' title='bbox 840 796 970 872; x_wconf 85' lang='lat' dir='ltr'>deasque</span> <span class='ocrx_word' id='word_1_30' title='bbox 991 812 1024 856; x_wconf 91' lang='lat' dir='ltr'>se</span> <span class='ocrx_word' id='word_1_31' title='bbox 1046 812 1146 874; x_wconf 89' lang='lat' dir='ltr'>neque</span> <span class='ocrx_word' id='word_1_32' title='bbox 1166 795 1244 857; x_wconf 89' lang='lat' dir='ltr'>seire</span> <span class='ocrx_word' id='word_1_33' title='bbox 1266 795 1339 875; x_wconf 84' lang='lat' dir='ltr'>quid</span> 
     </span>
     <span class='ocr_line' id='line_1_5' title="bbox 252 877 1338 954; baseline 0.002 -13"><span class='ocrx_word' id='word_1_34' title='bbox 252 877 406 952; x_wconf 89' lang='lat' dir='ltr'>acciderit,</span> <span class='ocrx_word' id='word_1_35' title='bbox 421 897 479 940; x_wconf 89' lang='lat' dir='ltr'>nec</span> <span class='ocrx_word' id='word_1_36' title='bbox 495 878 589 941; x_wconf 90' lang='lat' dir='ltr'>ullum</span> <span class='ocrx_word' id='word_1_37' title='bbox 604 878 706 940; x_wconf 93' lang='lat' dir='ltr'>dolum</span> <span class='ocrx_word' id='word_1_38' title='bbox 722 880 831 941; x_wconf 92' lang='lat' dir='ltr'>malum</span> <span class='ocrx_word' id='word_1_39' title='bbox 842 879 969 941; x_wconf 90' lang='lat' dir='ltr'>consilio</span> <span class='ocrx_word' id='word_1_40' title='bbox 981 878 1161 954; x_wconf 82' lang='lat' dir='ltr'>adhibuisse,</span> <span class='ocrx_word' id='word_1_41' title='bbox 1172 880 1226 942; x_wconf 91' lang='lat' dir='ltr'>sed</span> <span class='ocrx_word' id='word_1_42' title='bbox 1237 892 1338 943; x_wconf 88' lang='lat' dir='ltr'>mente</span> 
     </span>
    </p>

    <p class='ocr_par' dir='ltr' id='par_1_3' title="bbox 216 963 1374 1386">
     <span class='ocr_line' id='line_1_6' title="bbox 216 963 1337 1046; baseline 0 -17"><span class='ocrx_word' id='word_1_43' title='bbox 216 979 232 1029; x_wconf 76' lang='lat'><strong>5</strong></span> <span class='ocrx_word' id='word_1_44' title='bbox 252 963 475 1043; x_wconf 91' lang='lat' dir='ltr'>simplicissima</span> <span class='ocrx_word' id='word_1_45' title='bbox 497 973 528 1025; x_wconf 88' lang='lat' dir='ltr'>et</span> <span class='ocrx_word' id='word_1_46' title='bbox 549 982 618 1025; x_wconf 85' lang='lat' dir='ltr'>vera</span> <span class='ocrx_word' id='word_1_47' title='bbox 639 963 698 1026; x_wconf 88' lang='lat' dir='ltr'>lldc</span> <span class='ocrx_word' id='word_1_48' title='bbox 720 965 752 1027; x_wconf 95' lang='lat' dir='ltr'>in</span> <span class='ocrx_word' id='word_1_49' title='bbox 777 965 930 1045; x_wconf 87' lang='lat' dir='ltr'>navigium</span> <span class='ocrx_word' id='word_1_50' title='bbox 951 963 1077 1027; x_wconf 89' lang='lat' dir='ltr'>comites</span> <span class='ocrx_word' id='word_1_51' title='bbox 1098 964 1337 1046; x_wconf 68' lang='lat' dir='ltr'>induxisseque</span> 
     </span>
     <span class='ocr_line' id='line_1_7' title="bbox 252 1047 1374 1131; baseline 0.003 -20"><span class='ocrx_word' id='word_1_52' title='bbox 252 1051 319 1131; x_wconf 90' lang='lat' dir='ltr'>ipsc</span> <span class='ocrx_word' id='word_1_53' title='bbox 334 1048 394 1114; x_wconf 86' lang='lat' dir='ltr'>iam</span> <span class='ocrx_word' id='word_1_54' title='bbox 413 1047 531 1129; x_wconf 81' lang='lat' dir='ltr'>pridem</span> <span class='ocrx_word' id='word_1_55' title='bbox 552 1049 643 1111; x_wconf 87' lang='lat' dir='ltr'>luerit</span> <span class='ocrx_word' id='word_1_56' title='bbox 664 1067 783 1113; x_wconf 90' lang='lat' dir='ltr'>usurus.</span> <span class='ocrx_word' id='word_1_57' title='bbox 814 1056 900 1130; x_wconf 85' lang='lat' dir='ltr'>‘quae</span> <span class='ocrx_word' id='word_1_58' title='bbox 919 1058 1018 1111; x_wconf 88' lang='lat' dir='ltr'>autem</span> <span class='ocrx_word' id='word_1_59' title='bbox 1039 1050 1088 1112; x_wconf 93' lang='lat' dir='ltr'>bic</span> <span class='ocrx_word' id='word_1_60' title='bbox 1109 1050 1233 1113; x_wconf 80' lang='lat' dir='ltr'>insidiae</span> <span class='ocrx_word' id='word_1_61' title='bbox 1256 1051 1337 1114; x_wconf 91' lang='lat' dir='ltr'>sunt’</span> <span class='ocrx_word' id='word_1_62' title='bbox 1359 1063 1374 1113; x_wconf 83' lang='lat' dir='ltr'>t</span> 
     </span>
     <span class='ocr_line' id='line_1_8' title="bbox 252 1132 1338 1216; baseline 0.002 -19"><span class='ocrx_word' id='word_1_63' title='bbox 252 1134 355 1215; x_wconf 89' lang='lat' dir='ltr'>inquit</span> <span class='ocrx_word' id='word_1_64' title='bbox 369 1138 431 1196; x_wconf 85' lang='lat' dir='ltr'>‘aut</span> <span class='ocrx_word' id='word_1_65' title='bbox 445 1135 513 1215; x_wconf 88' lang='lat' dir='ltr'>quis</span> <span class='ocrx_word' id='word_1_66' title='bbox 528 1133 685 1197; x_wconf 90' lang='lat' dir='ltr'>nobiscum</span> <span class='ocrx_word' id='word_1_67' title='bbox 695 1134 846 1197; x_wconf 84' lang='lat' dir='ltr'>Hannibal</span> <span class='ocrx_word' id='word_1_68' title='bbox 863 1132 1002 1216; x_wconf 75' lang='lat' dir='ltr'>navigat?</span> <span class='ocrx_word' id='word_1_69' title='bbox 1028 1134 1135 1197; x_wconf 79' lang='lat' dir='ltr'>Lichas</span> <span class='ocrx_word' id='word_1_70' title='bbox 1147 1135 1338 1212; x_wconf 85' lang='lat' dir='ltr'>Tarentinus,</span> 
     </span>
     <span class='ocr_line' id='line_1_9' title="bbox 252 1219 1337 1301; baseline 0.002 -18"><span class='ocrx_word' id='word_1_71' title='bbox 252 1222 346 1283; x_wconf 91' lang='lat' dir='ltr'>bomo</span> <span class='ocrx_word' id='word_1_72' title='bbox 367 1219 640 1283; x_wconf 83' lang='lat' dir='ltr'>verecundissimus</span> <span class='ocrx_word' id='word_1_73' title='bbox 661 1229 693 1281; x_wconf 91' lang='lat' dir='ltr'>et</span> <span class='ocrx_word' id='word_1_74' title='bbox 721 1240 783 1283; x_wconf 95' lang='lat' dir='ltr'>non</span> <span class='ocrx_word' id='word_1_75' title='bbox 806 1230 923 1283; x_wconf 90' lang='lat' dir='ltr'>tantum</span> <span class='ocrx_word' id='word_1_76' title='bbox 945 1220 1034 1282; x_wconf 92' lang='lat' dir='ltr'>buius</span> <span class='ocrx_word' id='word_1_77' title='bbox 1057 1220 1165 1301; x_wconf 81' lang='lat' dir='ltr'>navigii</span> <span class='ocrx_word' id='word_1_78' title='bbox 1187 1221 1337 1296; x_wconf 88' lang='lat' dir='ltr'>dominus,</span> 
     </span>
     <span class='ocr_line' id='line_1_10' title="bbox 253 1305 1336 1386; baseline 0.001 -18"><span class='ocrx_word' id='word_1_79' title='bbox 253 1306 336 1386; x_wconf 87' lang='lat' dir='ltr'>quod</span> <span class='ocrx_word' id='word_1_80' title='bbox 351 1305 439 1385; x_wconf 86' lang='lat' dir='ltr'>regit,</span> <span class='ocrx_word' id='word_1_81' title='bbox 459 1305 511 1368; x_wconf 90' lang='lat' dir='ltr'>sed</span> <span class='ocrx_word' id='word_1_82' title='bbox 533 1305 697 1368; x_wconf 80' lang='lat' dir='ltr'>fundorum</span> <span class='ocrx_word' id='word_1_83' title='bbox 716 1306 803 1367; x_wconf 91' lang='lat' dir='ltr'>etiam</span> <span class='ocrx_word' id='word_1_84' title='bbox 826 1306 941 1386; x_wconf 82' lang='lat' dir='ltr'>aliquot</span> <span class='ocrx_word' id='word_1_85' title='bbox 959 1315 991 1368; x_wconf 87' lang='lat' dir='ltr'>et</span> <span class='ocrx_word' id='word_1_86' title='bbox 1003 1306 1131 1367; x_wconf 78' lang='lat' dir='ltr'>familiae</span> <span class='ocrx_word' id='word_1_87' title='bbox 1147 1307 1336 1386; x_wconf 77' lang='lat' dir='ltr'>negotiantis,</span> 
     </span>
    </p>

    <p class='ocr_par' dir='ltr' id='par_1_4' title="bbox 205 1390 1373 1813">
     <span class='ocr_line' id='line_1_11' title="bbox 205 1390 1373 1473; baseline -0.002 -19"><span class='ocrx_word' id='word_1_88' title='bbox 205 1404 230 1455; x_wconf 86' lang='lat' dir='ltr'>lc</span> <span class='ocrx_word' id='word_1_89' title='bbox 252 1409 332 1454; x_wconf 91' lang='lat' dir='ltr'>onus</span> <span class='ocrx_word' id='word_1_90' title='bbox 354 1390 550 1453; x_wconf 78' lang='lat' dir='ltr'>deferendum</span> <span class='ocrx_word' id='word_1_91' title='bbox 573 1390 609 1452; x_wconf 95' lang='lat' dir='ltr'>ad</span> <span class='ocrx_word' id='word_1_92' title='bbox 631 1400 796 1453; x_wconf 92' lang='lat' dir='ltr'>mercatum</span> <span class='ocrx_word' id='word_1_93' title='bbox 817 1392 970 1455; x_wconf 89' lang='lat' dir='ltr'>conducit.</span> <span class='ocrx_word' id='word_1_94' title='bbox 999 1391 1047 1452; x_wconf 91' lang='lat' dir='ltr'>bic</span> <span class='ocrx_word' id='word_1_95' title='bbox 1069 1400 1116 1453; x_wconf 87' lang='lat' dir='ltr'>cst</span> <span class='ocrx_word' id='word_1_96' title='bbox 1138 1390 1264 1473; x_wconf 76' lang='lat' dir='ltr'>Cyclops</span> <span class='ocrx_word' id='word_1_97' title='bbox 1286 1393 1336 1456; x_wconf 90' lang='lat' dir='ltr'>ille</span> <span class='ocrx_word' id='word_1_98' title='bbox 1358 1403 1373 1452; x_wconf 84' lang='lat'><strong>5</strong></span> 
     </span>
     <span class='ocr_line' id='line_1_12' title="bbox 253 1476 1336 1559; baseline 0.002 -22"><span class='ocrx_word' id='word_1_99' title='bbox 253 1488 284 1538; x_wconf 89' lang='lat' dir='ltr'>et</span> <span class='ocrx_word' id='word_1_100' title='bbox 296 1476 488 1557; x_wconf 90' lang='lat' dir='ltr'>archipirata,</span> <span class='ocrx_word' id='word_1_101' title='bbox 504 1477 552 1538; x_wconf 89' lang='lat' dir='ltr'>cui</span> <span class='ocrx_word' id='word_1_102' title='bbox 566 1485 717 1539; x_wconf 87' lang='lat' dir='ltr'>vecturam</span> <span class='ocrx_word' id='word_1_103' title='bbox 732 1476 892 1559; x_wconf 80' lang='lat' dir='ltr'>debemus3</span> <span class='ocrx_word' id='word_1_104' title='bbox 907 1485 937 1539; x_wconf 88' lang='lat' dir='ltr'>et</span> <span class='ocrx_word' id='word_1_105' title='bbox 951 1484 1071 1557; x_wconf 86' lang='lat' dir='ltr'>praeter</span> <span class='ocrx_word' id='word_1_106' title='bbox 1085 1476 1167 1538; x_wconf 94' lang='lat' dir='ltr'>bunc</span> <span class='ocrx_word' id='word_1_107' title='bbox 1183 1477 1336 1558; x_wconf 81' lang='lat' dir='ltr'>Tryphae·</span> 
     </span>
     <span class='ocr_line' id='line_1_13' title="bbox 252 1562 1338 1642; baseline 0 -18"><span class='ocrx_word' id='word_1_108' title='bbox 252 1580 303 1636; x_wconf 90' lang='lat' dir='ltr'>na,</span> <span class='ocrx_word' id='word_1_109' title='bbox 318 1562 454 1624; x_wconf 90' lang='lat' dir='ltr'>omnium</span> <span class='ocrx_word' id='word_1_110' title='bbox 468 1562 648 1624; x_wconf 83' lang='lat' dir='ltr'>seminarum</span> <span class='ocrx_word' id='word_1_111' title='bbox 662 1562 887 1636; x_wconf 83' lang='lat' dir='ltr'>formosissima,</span> <span class='ocrx_word' id='word_1_112' title='bbox 909 1580 986 1641; x_wconf 88' lang='lat' dir='ltr'>quac</span> <span class='ocrx_word' id='word_1_113' title='bbox 1001 1562 1160 1642; x_wconf 85' lang='lat' dir='ltr'>voluptatis</span> <span class='ocrx_word' id='word_1_114' title='bbox 1174 1580 1263 1624; x_wconf 90' lang='lat' dir='ltr'>eausa</span> <span class='ocrx_word' id='word_1_115' title='bbox 1278 1563 1338 1624; x_wconf 90' lang='lat' dir='ltr'>buc</span> 
     </span>
     <span class='ocr_line' id='line_1_14' title="bbox 252 1645 1372 1727; baseline -0.003 -18"><span class='ocrx_word' id='word_1_116' title='bbox 252 1656 344 1727; x_wconf 88' lang='lat' dir='ltr'>atque</span> <span class='ocrx_word' id='word_1_117' title='bbox 358 1646 430 1710; x_wconf 92' lang='lat' dir='ltr'>illuc</span> <span class='ocrx_word' id='word_1_118' title='bbox 450 1646 603 1709; x_wconf 68' lang='lat' dir='ltr'>rectatur!</span> <span class='ocrx_word' id='word_1_119' title='bbox 639 1647 680 1708; x_wconf 81' lang='lat' dir='ltr'>‘bi</span> <span class='ocrx_word' id='word_1_120' title='bbox 700 1646 779 1710; x_wconf 91' lang='lat' dir='ltr'>sunt&#39;</span> <span class='ocrx_word' id='word_1_121' title='bbox 802 1647 901 1727; x_wconf 91' lang='lat' dir='ltr'>inquit</span> <span class='ocrx_word' id='word_1_122' title='bbox 915 1648 1004 1709; x_wconf 86' lang='lat' dir='ltr'>Giton</span> <span class='ocrx_word' id='word_1_123' title='bbox 1028 1650 1115 1726; x_wconf 87' lang='lat' dir='ltr'>‘quos</span> <span class='ocrx_word' id='word_1_124' title='bbox 1137 1645 1274 1727; x_wconf 76' lang='lat' dir='ltr'>fugimus’</span> <span class='ocrx_word' id='word_1_125' title='bbox 1295 1648 1336 1711; x_wconf 90' lang='lat' dir='ltr'>si·</span> <span class='ocrx_word' id='word_1_126' title='bbox 1357 1657 1372 1706; x_wconf 86' lang='lat'><strong>6</strong></span> 
     </span>
     <span class='ocr_line' id='line_1_15' title="bbox 253 1732 1338 1813; baseline 0.001 -19"><span class='ocrx_word' id='word_1_127' title='bbox 253 1732 379 1813; x_wconf 86' lang='lat' dir='ltr'>mulque</span> <span class='ocrx_word' id='word_1_128' title='bbox 393 1732 501 1813; x_wconf 90' lang='lat' dir='ltr'>raptim</span> <span class='ocrx_word' id='word_1_129' title='bbox 517 1750 621 1795; x_wconf 84' lang='lat' dir='ltr'>causas</span> <span class='ocrx_word' id='word_1_130' title='bbox 637 1732 773 1796; x_wconf 91' lang='lat' dir='ltr'>odiorum</span> <span class='ocrx_word' id='word_1_131' title='bbox 797 1741 827 1794; x_wconf 88' lang='lat' dir='ltr'>ct</span> <span class='ocrx_word' id='word_1_132' title='bbox 850 1734 967 1795; x_wconf 81' lang='lat' dir='ltr'>instans</span> <span class='ocrx_word' id='word_1_133' title='bbox 987 1732 1155 1813; x_wconf 87' lang='lat' dir='ltr'>periculum</span> <span class='ocrx_word' id='word_1_134' title='bbox 1176 1732 1338 1813; x_wconf 82' lang='lat' dir='ltr'>trepidanti</span> 
     </span>
    </p>

    <p class='ocr_par' dir='ltr' id='par_1_5' title="bbox 205 1817 1420 2242">
     <span class='ocr_line' id='line_1_16' title="bbox 205 1817 1371 1899; baseline -0.003 -18"><span class='ocrx_word' id='word_1_135' title='bbox 205 1828 232 1880; x_wconf 85' lang='lat'>15</span> <span class='ocrx_word' id='word_1_136' title='bbox 252 1817 405 1898; x_wconf 76' lang='lat' dir='ltr'>Eumolpo</span> <span class='ocrx_word' id='word_1_137' title='bbox 419 1818 554 1898; x_wconf 78' lang='lat' dir='ltr'>exponit.</span> <span class='ocrx_word' id='word_1_138' title='bbox 585 1818 730 1880; x_wconf 82' lang='lat' dir='ltr'>confusus</span> <span class='ocrx_word' id='word_1_139' title='bbox 744 1818 794 1879; x_wconf 86' lang='lat' dir='ltr'>ibe</span> <span class='ocrx_word' id='word_1_140' title='bbox 806 1826 836 1880; x_wconf 88' lang='lat' dir='ltr'>et</span> <span class='ocrx_word' id='word_1_141' title='bbox 851 1818 969 1880; x_wconf 87' lang='lat' dir='ltr'>consilii</span> <span class='ocrx_word' id='word_1_142' title='bbox 981 1835 1073 1896; x_wconf 90' lang='lat' dir='ltr'>egens</span> <span class='ocrx_word' id='word_1_143' title='bbox 1087 1817 1171 1879; x_wconf 88' lang='lat' dir='ltr'>iubet</span> <span class='ocrx_word' id='word_1_144' title='bbox 1186 1837 1336 1899; x_wconf 88' lang='lat' dir='ltr'>quemque</span> <span class='ocrx_word' id='word_1_145' title='bbox 1356 1828 1371 1877; x_wconf 74' lang='grc' dir='ltr'>τ</span> 
     </span>
     <span class='ocr_line' id='line_1_17' title="bbox 252 1900 1339 1985; baseline -0.001 -18"><span class='ocrx_word' id='word_1_146' title='bbox 252 1921 338 1967; x_wconf 91' lang='lat' dir='ltr'>suam</span> <span class='ocrx_word' id='word_1_147' title='bbox 354 1902 534 1965; x_wconf 87' lang='lat' dir='ltr'>sententiam</span> <span class='ocrx_word' id='word_1_148' title='bbox 545 1921 686 1984; x_wconf 90' lang='lat' dir='ltr'>promere</span> <span class='ocrx_word' id='word_1_149' title='bbox 697 1913 728 1965; x_wconf 91' lang='lat' dir='ltr'>et</span> <span class='ocrx_word' id='word_1_150' title='bbox 743 1900 866 1983; x_wconf 83' lang='lat' dir='ltr'>‘fingite&#39;</span> <span class='ocrx_word' id='word_1_151' title='bbox 877 1903 976 1982; x_wconf 89' lang='lat' dir='ltr'>inquit</span> <span class='ocrx_word' id='word_1_152' title='bbox 990 1909 1057 1965; x_wconf 81' lang='lat' dir='ltr'>‘nos</span> <span class='ocrx_word' id='word_1_153' title='bbox 1068 1913 1188 1965; x_wconf 90' lang='lat' dir='ltr'>antrum</span> <span class='ocrx_word' id='word_1_154' title='bbox 1201 1902 1339 1985; x_wconf 79' lang='lat' dir='ltr'>Cyclopis</span> 
     </span>
     <span class='ocr_line' id='line_1_18' title="bbox 253 1987 1420 2068; baseline 0 -17"><span class='ocrx_word' id='word_1_155' title='bbox 253 1990 394 2051; x_wconf 85' lang='lat' dir='ltr'>intrasse.</span> <span class='ocrx_word' id='word_1_156' title='bbox 437 1987 642 2068; x_wconf 89' lang='lat' dir='ltr'>quaerendum</span> <span class='ocrx_word' id='word_1_157' title='bbox 671 1998 717 2051; x_wconf 93' lang='lat' dir='ltr'>est</span> <span class='ocrx_word' id='word_1_158' title='bbox 744 1988 865 2067; x_wconf 86' lang='lat' dir='ltr'>aliquod</span> <span class='ocrx_word' id='word_1_159' title='bbox 888 1988 1041 2068; x_wconf 81' lang='lat' dir='ltr'>effugium,</span> <span class='ocrx_word' id='word_1_160' title='bbox 1069 1988 1127 2050; x_wconf 91' lang='lat' dir='ltr'>nisi</span> <span class='ocrx_word' id='word_1_161' title='bbox 1149 1989 1340 2068; x_wconf 75' lang='lat' dir='ltr'>naufragium</span> <span class='ocrx_word' id='word_1_162' title='bbox 1413 2043 1420 2063; x_wconf 83' lang='grc'><em>,</em></span> 
     </span>
     <span class='ocr_line' id='line_1_19' title="bbox 252 2072 1373 2154; baseline -0.003 -18"><span class='ocrx_word' id='word_1_163' title='bbox 252 2074 398 2154; x_wconf 88' lang='lat' dir='ltr'>ponimus</span> <span class='ocrx_word' id='word_1_164' title='bbox 412 2083 443 2136; x_wconf 87' lang='lat' dir='ltr'>et</span> <span class='ocrx_word' id='word_1_165' title='bbox 456 2074 540 2136; x_wconf 92' lang='lat' dir='ltr'>omni</span> <span class='ocrx_word' id='word_1_166' title='bbox 556 2093 612 2137; x_wconf 92' lang='lat' dir='ltr'>nos</span> <span class='ocrx_word' id='word_1_167' title='bbox 631 2074 767 2154; x_wconf 87' lang='lat' dir='ltr'>periculo</span> <span class='ocrx_word' id='word_1_168' title='bbox 788 2072 969 2136; x_wconf 71' lang='lat' dir='ltr'>liberamus.²</span> <span class='ocrx_word' id='word_1_169' title='bbox 1000 2072 1110 2135; x_wconf 86' lang='lat' dir='ltr'>‘immo’</span> <span class='ocrx_word' id='word_1_170' title='bbox 1132 2073 1232 2154; x_wconf 87' lang='lat' dir='ltr'>inquit</span> <span class='ocrx_word' id='word_1_171' title='bbox 1246 2074 1336 2136; x_wconf 84' lang='lat' dir='ltr'>Giton</span> <span class='ocrx_word' id='word_1_172' title='bbox 1358 2082 1373 2133; x_wconf 84' lang='lat'>8</span> 
     </span>
     <span class='ocr_line' id='line_1_20' title="bbox 253 2157 1338 2242; baseline -0.001 -20"><span class='ocrx_word' id='word_1_173' title='bbox 253 2159 411 2242; x_wconf 83' lang='lat' dir='ltr'>‘persuade</span> <span class='ocrx_word' id='word_1_174' title='bbox 433 2157 636 2238; x_wconf 77' lang='lat' dir='ltr'>gubernatori,</span> <span class='ocrx_word' id='word_1_175' title='bbox 662 2159 748 2221; x_wconf 94' lang='lat' dir='ltr'>utin</span> <span class='ocrx_word' id='word_1_176' title='bbox 777 2159 907 2238; x_wconf 90' lang='lat' dir='ltr'>aliquem</span> <span class='ocrx_word' id='word_1_177' title='bbox 929 2168 1051 2240; x_wconf 90' lang='lat' dir='ltr'>portum</span> <span class='ocrx_word' id='word_1_178' title='bbox 1073 2177 1179 2221; x_wconf 85' lang='lat' dir='ltr'>navem</span> <span class='ocrx_word' id='word_1_179' title='bbox 1201 2160 1338 2234; x_wconf 84' lang='lat' dir='ltr'>deducat,</span> 
     </span>
    </p>

    <p class='ocr_par' dir='ltr' id='par_1_6' title="bbox 205 2244 1373 2667">
     <span class='ocr_line' id='line_1_21' title="bbox 205 2244 1337 2326; baseline 0.001 -20"><span class='ocrx_word' id='word_1_180' title='bbox 205 2254 233 2306; x_wconf 79' lang='lat' dir='ltr'>tt</span> <span class='ocrx_word' id='word_1_181' title='bbox 253 2264 316 2308; x_wconf 91' lang='lat' dir='ltr'>non</span> <span class='ocrx_word' id='word_1_182' title='bbox 339 2244 407 2307; x_wconf 92' lang='lat' dir='ltr'>sine</span> <span class='ocrx_word' id='word_1_183' title='bbox 428 2244 561 2326; x_wconf 93' lang='lat' dir='ltr'>praemio</span> <span class='ocrx_word' id='word_1_184' title='bbox 576 2244 707 2319; x_wconf 88' lang='lat' dir='ltr'>scilicet,</span> <span class='ocrx_word' id='word_1_185' title='bbox 728 2255 759 2306; x_wconf 91' lang='lat' dir='ltr'>et</span> <span class='ocrx_word' id='word_1_186' title='bbox 779 2245 895 2306; x_wconf 87' lang='lat' dir='ltr'>affirma</span> <span class='ocrx_word' id='word_1_187' title='bbox 910 2246 937 2306; x_wconf 93' lang='lat' dir='ltr'>ei</span> <span class='ocrx_word' id='word_1_188' title='bbox 953 2244 1157 2324; x_wconf 87' lang='lat' dir='ltr'>impatientem</span> <span class='ocrx_word' id='word_1_189' title='bbox 1171 2246 1262 2307; x_wconf 92' lang='lat' dir='ltr'>maris</span> <span class='ocrx_word' id='word_1_190' title='bbox 1276 2246 1337 2307; x_wconf 86' lang='lat' dir='ltr'>fra·</span> 
     </span>
     <span class='ocr_line' id='line_1_22' title="bbox 252 2329 1337 2410; baseline -0.002 -16"><span class='ocrx_word' id='word_1_191' title='bbox 252 2339 331 2394; x_wconf 86' lang='lat' dir='ltr'>trem</span> <span class='ocrx_word' id='word_1_192' title='bbox 346 2339 433 2392; x_wconf 92' lang='lat' dir='ltr'>tuum</span> <span class='ocrx_word' id='word_1_193' title='bbox 447 2330 479 2391; x_wconf 91' lang='lat' dir='ltr'>in</span> <span class='ocrx_word' id='word_1_194' title='bbox 494 2329 605 2393; x_wconf 89' lang='lat' dir='ltr'>ultimis</span> <span class='ocrx_word' id='word_1_195' title='bbox 627 2348 703 2393; x_wconf 85' lang='lat' dir='ltr'>esse.</span> <span class='ocrx_word' id='word_1_196' title='bbox 733 2330 845 2410; x_wconf 92' lang='lat' dir='ltr'>poteris</span> <span class='ocrx_word' id='word_1_197' title='bbox 866 2331 944 2395; x_wconf 92' lang='lat' dir='ltr'>banc</span> <span class='ocrx_word' id='word_1_198' title='bbox 958 2330 1179 2392; x_wconf 87' lang='lat' dir='ltr'>simulationem</span> <span class='ocrx_word' id='word_1_199' title='bbox 1194 2340 1225 2392; x_wconf 94' lang='lat' dir='ltr'>et</span> <span class='ocrx_word' id='word_1_200' title='bbox 1238 2330 1337 2392; x_wconf 81' lang='lat' dir='ltr'>vultus</span> 
     </span>
     <span class='ocr_line' id='line_1_23' title="bbox 253 2414 1338 2495; baseline 0 -17"><span class='ocrx_word' id='word_1_201' title='bbox 253 2415 435 2478; x_wconf 79' lang='lat' dir='ltr'>confusione</span> <span class='ocrx_word' id='word_1_202' title='bbox 462 2423 494 2477; x_wconf 90' lang='lat' dir='ltr'>et</span> <span class='ocrx_word' id='word_1_203' title='bbox 520 2415 651 2478; x_wconf 84' lang='lat' dir='ltr'>lacrimis</span> <span class='ocrx_word' id='word_1_204' title='bbox 673 2414 871 2488; x_wconf 88' lang='lat' dir='ltr'>obumbrare,</span> <span class='ocrx_word' id='word_1_205' title='bbox 900 2426 936 2476; x_wconf 87' lang='lat' dir='ltr'>ut</span> <span class='ocrx_word' id='word_1_206' title='bbox 956 2414 1159 2477; x_wconf 89' lang='lat' dir='ltr'>misericordia</span> <span class='ocrx_word' id='word_1_207' title='bbox 1182 2424 1338 2495; x_wconf 88' lang='lat' dir='ltr'>permotus</span> 
     </span>
     <span class='ocr_line' id='line_1_24' title="bbox 252 2498 1373 2581; baseline -0.003 -18"><span class='ocrx_word' id='word_1_208' title='bbox 252 2501 440 2581; x_wconf 87' lang='lat' dir='ltr'>gubernator</span> <span class='ocrx_word' id='word_1_209' title='bbox 459 2500 612 2581; x_wconf 77' lang='lat' dir='ltr'>indulgeat</span> <span class='ocrx_word' id='word_1_210' title='bbox 633 2498 706 2562; x_wconf 70' lang='lat' dir='ltr'>tibi!</span> <span class='ocrx_word' id='word_1_211' title='bbox 752 2501 870 2580; x_wconf 87' lang='lat' dir='ltr'>negavit</span> <span class='ocrx_word' id='word_1_212' title='bbox 890 2500 949 2562; x_wconf 93' lang='lat' dir='ltr'>boc</span> <span class='ocrx_word' id='word_1_213' title='bbox 964 2499 1129 2581; x_wconf 83' lang='lat' dir='ltr'>Eumolpus</span> <span class='ocrx_word' id='word_1_214' title='bbox 1150 2502 1215 2563; x_wconf 89' lang='lat' dir='ltr'>lieri</span> <span class='ocrx_word' id='word_1_215' title='bbox 1237 2519 1336 2580; x_wconf 90' lang='lat' dir='ltr'>posse,</span> <span class='ocrx_word' id='word_1_216' title='bbox 1358 2509 1373 2560; x_wconf 87' lang='lat'>9</span> 
     </span>
     <span class='ocr_line' id='line_1_25' title="bbox 254 2583 1334 2667; baseline 0 -19"><span class='ocrx_word' id='word_1_217' title='bbox 254 2587 334 2667; x_wconf 82' lang='lat' dir='ltr'>‘quia</span> <span class='ocrx_word' id='word_1_218' title='bbox 349 2583 467 2665; x_wconf 85' lang='lat' dir='ltr'>magna’</span> <span class='ocrx_word' id='word_1_219' title='bbox 481 2585 580 2665; x_wconf 85' lang='lat' dir='ltr'>inquit</span> <span class='ocrx_word' id='word_1_220' title='bbox 595 2586 720 2666; x_wconf 86' lang='lat' dir='ltr'>‘navigia</span> <span class='ocrx_word' id='word_1_221' title='bbox 735 2585 884 2666; x_wconf 94' lang='lat' dir='ltr'>portubus</span> <span class='ocrx_word' id='word_1_222' title='bbox 897 2605 930 2647; x_wconf 92' lang='lat' dir='ltr'>se</span> <span class='ocrx_word' id='word_1_223' title='bbox 946 2585 1074 2647; x_wconf 80' lang='lat' dir='ltr'>curvatis</span> <span class='ocrx_word' id='word_1_224' title='bbox 1089 2586 1253 2659; x_wconf 90' lang='lat' dir='ltr'>insinuant,</span> <span class='ocrx_word' id='word_1_225' title='bbox 1278 2603 1334 2648; x_wconf 89' lang='lat' dir='ltr'>nee</span> 
     </span>
    </p>

    <p class='ocr_par' dir='ltr' id='par_1_7' title="bbox 205 2669 1385 3093">
     <span class='ocr_line' id='line_1_26' title="bbox 205 2669 1384 2749; baseline -0.001 -18"><span class='ocrx_word' id='word_1_226' title='bbox 205 2680 232 2732; x_wconf 74' lang='lat' dir='ltr'>ts</span> <span class='ocrx_word' id='word_1_227' title='bbox 251 2680 312 2733; x_wconf 88' lang='lat' dir='ltr'>tam</span> <span class='ocrx_word' id='word_1_228' title='bbox 328 2671 389 2733; x_wconf 90' lang='lat' dir='ltr'>cito</span> <span class='ocrx_word' id='word_1_229' title='bbox 404 2671 527 2733; x_wconf 88' lang='lat' dir='ltr'>fratrem</span> <span class='ocrx_word' id='word_1_230' title='bbox 542 2670 685 2734; x_wconf 81' lang='lat' dir='ltr'>deiecisse</span> <span class='ocrx_word' id='word_1_231' title='bbox 699 2672 762 2733; x_wconf 84' lang='lat' dir='ltr'>reri</span> <span class='ocrx_word' id='word_1_232' title='bbox 777 2670 873 2732; x_wconf 91' lang='lat' dir='ltr'>simile</span> <span class='ocrx_word' id='word_1_233' title='bbox 885 2670 952 2732; x_wconf 87' lang='lat' dir='ltr'>erit.</span> <span class='ocrx_word' id='word_1_234' title='bbox 981 2670 1095 2732; x_wconf 85' lang='lat' dir='ltr'>accedit</span> <span class='ocrx_word' id='word_1_235' title='bbox 1105 2671 1161 2745; x_wconf 90' lang='lat' dir='ltr'>bis,</span> <span class='ocrx_word' id='word_1_236' title='bbox 1174 2669 1254 2749; x_wconf 92' lang='lat' dir='ltr'>quod</span> <span class='ocrx_word' id='word_1_237' title='bbox 1270 2672 1332 2731; x_wconf 84' lang='lat' dir='ltr'>lor·</span> <span class='ocrx_word' id='word_1_238' title='bbox 1355 2681 1384 2731; x_wconf 82' lang='lat' dir='ltr'>tc</span> 
     </span>
     <span class='ocr_line' id='line_1_27' title="bbox 252 2755 1335 2834; baseline -0.001 -14"><span class='ocrx_word' id='word_1_239' title='bbox 252 2757 329 2820; x_wconf 83' lang='lat' dir='ltr'>sitan</span> <span class='ocrx_word' id='word_1_240' title='bbox 345 2756 454 2820; x_wconf 87' lang='lat' dir='ltr'>Licbas</span> <span class='ocrx_word' id='word_1_241' title='bbox 475 2756 566 2819; x_wconf 90' lang='lat' dir='ltr'>olllcii</span> <span class='ocrx_word' id='word_1_242' title='bbox 588 2775 677 2819; x_wconf 89' lang='lat' dir='ltr'>causa</span> <span class='ocrx_word' id='word_1_243' title='bbox 699 2757 795 2819; x_wconf 84' lang='lat' dir='ltr'>risere</span> <span class='ocrx_word' id='word_1_244' title='bbox 816 2756 1010 2834; x_wconf 85' lang='lat' dir='ltr'>languentem</span> <span class='ocrx_word' id='word_1_245' title='bbox 1026 2755 1214 2818; x_wconf 89' lang='lat' dir='ltr'>desiderabit.</span> <span class='ocrx_word' id='word_1_246' title='bbox 1243 2755 1335 2831; x_wconf 84' lang='lat' dir='ltr'>sides,</span> 
     </span>
     <span class='ocr_line' id='line_1_28' title="bbox 251 2840 1337 2923; baseline -0.001 -18"><span class='ocrx_word' id='word_1_247' title='bbox 251 2860 343 2923; x_wconf 85' lang='lat' dir='ltr'>quam</span> <span class='ocrx_word' id='word_1_248' title='bbox 358 2842 442 2905; x_wconf 79' lang='lat' dir='ltr'>valde</span> <span class='ocrx_word' id='word_1_249' title='bbox 464 2840 552 2904; x_wconf 92' lang='lat' dir='ltr'>nobis</span> <span class='ocrx_word' id='word_1_250' title='bbox 575 2842 720 2922; x_wconf 86' lang='lat' dir='ltr'>expediat,</span> <span class='ocrx_word' id='word_1_251' title='bbox 743 2842 822 2904; x_wconf 90' lang='lat' dir='ltr'>ultro</span> <span class='ocrx_word' id='word_1_252' title='bbox 843 2841 1000 2904; x_wconf 91' lang='lat' dir='ltr'>dominum</span> <span class='ocrx_word' id='word_1_253' title='bbox 1019 2842 1055 2901; x_wconf 93' lang='lat' dir='ltr'>ad</span> <span class='ocrx_word' id='word_1_254' title='bbox 1070 2841 1221 2921; x_wconf 83' lang='lat' dir='ltr'>fugientes</span> <span class='ocrx_word' id='word_1_255' title='bbox 1235 2858 1337 2904; x_wconf 90' lang='lat' dir='ltr'>accer-</span> 
     </span>
     <span class='ocr_line' id='line_1_29' title="bbox 250 2927 1385 3008; baseline -0.004 -17"><span class='ocrx_word' id='word_1_256' title='bbox 250 2946 328 2991; x_wconf 85' lang='lat' dir='ltr'>sere.</span> <span class='ocrx_word' id='word_1_257' title='bbox 357 2927 411 2991; x_wconf 88' lang='lat' dir='ltr'>sed</span> <span class='ocrx_word' id='word_1_258' title='bbox 425 2928 506 3007; x_wconf 87' lang='lat' dir='ltr'>linge</span> <span class='ocrx_word' id='word_1_259' title='bbox 521 2945 627 2989; x_wconf 86' lang='lat' dir='ltr'>navem</span> <span class='ocrx_word' id='word_1_260' title='bbox 641 2927 679 2990; x_wconf 92' lang='lat' dir='ltr'>ab</span> <span class='ocrx_word' id='word_1_261' title='bbox 694 2928 810 3007; x_wconf 87' lang='lat' dir='ltr'>ingenti</span> <span class='ocrx_word' id='word_1_262' title='bbox 824 2945 914 3008; x_wconf 89' lang='lat' dir='ltr'>posse</span> <span class='ocrx_word' id='word_1_263' title='bbox 929 2945 1022 2989; x_wconf 91' lang='lat' dir='ltr'>cursu</span> <span class='ocrx_word' id='word_1_264' title='bbox 1038 2927 1155 2989; x_wconf 85' lang='lat' dir='ltr'>deflecti</span> <span class='ocrx_word' id='word_1_265' title='bbox 1170 2935 1201 2988; x_wconf 89' lang='lat' dir='ltr'>et</span> <span class='ocrx_word' id='word_1_266' title='bbox 1212 2927 1334 2989; x_wconf 89' lang='lat' dir='ltr'>Liebam</span> <span class='ocrx_word' id='word_1_267' title='bbox 1357 2936 1385 2987; x_wconf 84' lang='lat' dir='ltr'>tl</span> 
     </span>
     <span class='ocr_line' id='line_1_30' title="bbox 253 3012 1337 3093; baseline 0 -18"><span class='ocrx_word' id='word_1_268' title='bbox 253 3032 315 3075; x_wconf 90' lang='lat' dir='ltr'>non</span> <span class='ocrx_word' id='word_1_269' title='bbox 332 3013 439 3093; x_wconf 87' lang='lat' dir='ltr'>utique</span> <span class='ocrx_word' id='word_1_270' title='bbox 453 3012 681 3077; x_wconf 79' lang='lat' dir='ltr'>circumiturum</span> <span class='ocrx_word' id='word_1_271' title='bbox 695 3031 855 3093; x_wconf 91' lang='lat' dir='ltr'>aegrorum</span> <span class='ocrx_word' id='word_1_272' title='bbox 871 3012 995 3073; x_wconf 90' lang='lat' dir='ltr'>cubilia:</span> <span class='ocrx_word' id='word_1_273' title='bbox 1012 3013 1162 3093; x_wconf 90' lang='lat' dir='ltr'>quomodo</span> <span class='ocrx_word' id='word_1_274' title='bbox 1178 3030 1337 3093; x_wconf 91' lang='lat' dir='ltr'>possumus</span> 
     </span>
    </p>

    <p class='ocr_par' dir='ltr' id='par_1_8' title="bbox 206 3096 1407 3521">
     <span class='ocr_line' id='line_1_31' title="bbox 206 3096 1337 3181; baseline 0.001 -21"><span class='ocrx_word' id='word_1_275' title='bbox 206 3108 232 3160; x_wconf 77' lang='lat' dir='ltr'>te</span> <span class='ocrx_word' id='word_1_276' title='bbox 251 3099 354 3181; x_wconf 85' lang='lat' dir='ltr'>egredi</span> <span class='ocrx_word' id='word_1_277' title='bbox 371 3115 455 3173; x_wconf 79' lang='lat' dir='ltr'>nare,</span> <span class='ocrx_word' id='word_1_278' title='bbox 479 3106 512 3160; x_wconf 93' lang='lat' dir='ltr'>ut</span> <span class='ocrx_word' id='word_1_279' title='bbox 527 3117 589 3162; x_wconf 93' lang='lat' dir='ltr'>non</span> <span class='ocrx_word' id='word_1_280' title='bbox 605 3098 828 3178; x_wconf 89' lang='lat' dir='ltr'>conspiciamur</span> <span class='ocrx_word' id='word_1_281' title='bbox 842 3118 859 3160; x_wconf 89' lang='lat' dir='ltr'>a</span> <span class='ocrx_word' id='word_1_282' title='bbox 874 3096 1014 3160; x_wconf 82' lang='lat' dir='ltr'>eunctis?</span> <span class='ocrx_word' id='word_1_283' title='bbox 1046 3098 1158 3177; x_wconf 91' lang='lat' dir='ltr'>opertis</span> <span class='ocrx_word' id='word_1_284' title='bbox 1180 3098 1337 3178; x_wconf 89' lang='lat' dir='ltr'>capitibus,</span> 
     </span>
     <span class='ocr_line' id='line_1_32' title="bbox 252 3181 1335 3265; baseline -0.003 -18"><span class='ocrx_word' id='word_1_285' title='bbox 252 3203 291 3247; x_wconf 92' lang='lat' dir='ltr'>an</span> <span class='ocrx_word' id='word_1_286' title='bbox 307 3181 421 3247; x_wconf 82' lang='lat' dir='ltr'>nudis?</span> <span class='ocrx_word' id='word_1_287' title='bbox 437 3184 558 3265; x_wconf 84' lang='lat' dir='ltr'>opertis,</span> <span class='ocrx_word' id='word_1_288' title='bbox 579 3193 609 3246; x_wconf 92' lang='lat' dir='ltr'>et</span> <span class='ocrx_word' id='word_1_289' title='bbox 624 3184 691 3263; x_wconf 87' lang='lat' dir='ltr'>quis</span> <span class='ocrx_word' id='word_1_290' title='bbox 705 3202 769 3246; x_wconf 93' lang='lat' dir='ltr'>non</span> <span class='ocrx_word' id='word_1_291' title='bbox 784 3184 855 3246; x_wconf 92' lang='lat' dir='ltr'>dare</span> <span class='ocrx_word' id='word_1_292' title='bbox 871 3201 993 3245; x_wconf 92' lang='lat' dir='ltr'>manum</span> <span class='ocrx_word' id='word_1_293' title='bbox 1008 3182 1220 3264; x_wconf 89' lang='lat' dir='ltr'>languentibus</span> <span class='ocrx_word' id='word_1_294' title='bbox 1234 3181 1335 3246; x_wconf 76' lang='lat' dir='ltr'>volet?</span> 
     </span>
     <span class='ocr_line' id='line_1_33' title="bbox 254 3263 1407 3349; baseline -0.001 -16"><span class='ocrx_word' id='word_1_295' title='bbox 254 3269 352 3344; x_wconf 90' lang='lat' dir='ltr'>nudis,</span> <span class='ocrx_word' id='word_1_296' title='bbox 376 3268 492 3349; x_wconf 83' lang='lat' dir='ltr'>etquid</span> <span class='ocrx_word' id='word_1_297' title='bbox 507 3268 760 3349; x_wconf 87' lang='lat' dir='ltr'>eritaliudquam</span> <span class='ocrx_word' id='word_1_298' title='bbox 784 3288 816 3331; x_wconf 89' lang='lat' dir='ltr'>se</span> <span class='ocrx_word' id='word_1_299' title='bbox 837 3270 919 3349; x_wconf 89' lang='lat' dir='ltr'>ipsos</span> <span class='ocrx_word' id='word_1_300' title='bbox 933 3266 1153 3348; x_wconf 76' lang='lat' dir='ltr'>proscribere‘l&#39;</span> <span class='ocrx_word' id='word_1_301' title='bbox 1180 3268 1263 3349; x_wconf 85' lang='lat' dir='ltr'>‘quin</span> <span class='ocrx_word' id='word_1_302' title='bbox 1280 3263 1407 3349; x_wconf 79' lang='lat' dir='ltr'>po·102</span> 
     </span>
     <span class='ocr_line' id='line_1_34' title="bbox 251 3353 1338 3435; baseline -0.004 -16"><span class='ocrx_word' id='word_1_303' title='bbox 251 3354 320 3419; x_wconf 88' lang='lat' dir='ltr'>tius’</span> <span class='ocrx_word' id='word_1_304' title='bbox 335 3356 460 3434; x_wconf 88' lang='lat' dir='ltr'>inquam</span> <span class='ocrx_word' id='word_1_305' title='bbox 475 3371 532 3435; x_wconf 88' lang='lat' dir='ltr'>ego</span> <span class='ocrx_word' id='word_1_306' title='bbox 547 3353 594 3416; x_wconf 87' lang='lat' dir='ltr'>‘ad</span> <span class='ocrx_word' id='word_1_307' title='bbox 608 3354 807 3417; x_wconf 87' lang='lat' dir='ltr'>temeritatem</span> <span class='ocrx_word' id='word_1_308' title='bbox 823 3354 1015 3435; x_wconf 71' lang='lat' dir='ltr'>conlug&#39;mus</span> <span class='ocrx_word' id='word_1_309' title='bbox 1030 3363 1060 3415; x_wconf 87' lang='lat' dir='ltr'>et</span> <span class='ocrx_word' id='word_1_310' title='bbox 1074 3372 1129 3434; x_wconf 93' lang='lat' dir='ltr'>per</span> <span class='ocrx_word' id='word_1_311' title='bbox 1143 3354 1247 3416; x_wconf 90' lang='lat' dir='ltr'>funem</span> <span class='ocrx_word' id='word_1_312' title='bbox 1262 3353 1338 3434; x_wconf 91' lang='lat' dir='ltr'>lapsi</span> 
     </span>
     <span class='ocr_line' id='line_1_35' title="bbox 251 3438 1335 3521; baseline -0.003 -17"><span class='ocrx_word' id='word_1_313' title='bbox 251 3439 464 3504; x_wconf 86' lang='lat' dir='ltr'>descendimus</span> <span class='ocrx_word' id='word_1_314' title='bbox 484 3440 517 3502; x_wconf 92' lang='lat' dir='ltr'>in</span> <span class='ocrx_word' id='word_1_315' title='bbox 538 3440 679 3520; x_wconf 86' lang='lat' dir='ltr'>scapham</span> <span class='ocrx_word' id='word_1_316' title='bbox 701 3440 900 3521; x_wconf 87' lang='lat' dir='ltr'>praecisoque</span> <span class='ocrx_word' id='word_1_317' title='bbox 923 3438 1042 3501; x_wconf 75' lang='lat' dir='ltr'>unculo</span> <span class='ocrx_word' id='word_1_318' title='bbox 1057 3438 1173 3518; x_wconf 90' lang='lat' dir='ltr'>reliqua</span> <span class='ocrx_word' id='word_1_319' title='bbox 1195 3441 1335 3501; x_wconf 78' lang='lat' dir='ltr'>[ortunae</span> 
     </span>
    </p>

    <p class='ocr_par' dir='ltr' id='par_1_9' title="bbox 206 3522 1371 3693">
     <span class='ocr_line' id='line_1_36' title="bbox 206 3522 1371 3605; baseline -0.004 -18"><span class='ocrx_word' id='word_1_320' title='bbox 206 3536 232 3587; x_wconf 80' lang='lat' dir='ltr'>at</span> <span class='ocrx_word' id='word_1_321' title='bbox 250 3522 487 3590; x_wconf 75' lang='lat' dir='ltr'>committimus?</span> <span class='ocrx_word' id='word_1_322' title='bbox 524 3543 581 3587; x_wconf 90' lang='lat' dir='ltr'>nec</span> <span class='ocrx_word' id='word_1_323' title='bbox 607 3543 662 3605; x_wconf 90' lang='lat' dir='ltr'>ego</span> <span class='ocrx_word' id='word_1_324' title='bbox 683 3524 716 3587; x_wconf 95' lang='lat' dir='ltr'>in</span> <span class='ocrx_word' id='word_1_325' title='bbox 740 3525 797 3587; x_wconf 91' lang='lat' dir='ltr'>boe</span> <span class='ocrx_word' id='word_1_326' title='bbox 819 3523 988 3605; x_wconf 89' lang='lat' dir='ltr'>perieulum</span> <span class='ocrx_word' id='word_1_327' title='bbox 1010 3523 1181 3605; x_wconf 83' lang='lat' dir='ltr'>Eumolpon</span> <span class='ocrx_word' id='word_1_328' title='bbox 1204 3532 1371 3588; x_wconf 75' lang='lat' dir='ltr'>arcessor</span> 
     </span>
     <span class='ocr_line' id='line_1_37' title="bbox 251 3607 1335 3693; baseline -0.004 -19"><span class='ocrx_word' id='word_1_329' title='bbox 251 3612 324 3693; x_wconf 86' lang='lat' dir='ltr'>quid</span> <span class='ocrx_word' id='word_1_330' title='bbox 339 3610 422 3674; x_wconf 90' lang='lat' dir='ltr'>enim</span> <span class='ocrx_word' id='word_1_331' title='bbox 437 3609 544 3674; x_wconf 88' lang='lat' dir='ltr'>attinet</span> <span class='ocrx_word' id='word_1_332' title='bbox 558 3610 753 3673; x_wconf 88' lang='lat' dir='ltr'>innocentem</span> <span class='ocrx_word' id='word_1_333' title='bbox 775 3610 873 3672; x_wconf 91' lang='lat' dir='ltr'>alieno</span> <span class='ocrx_word' id='word_1_334' title='bbox 896 3609 1031 3690; x_wconf 90' lang='lat' dir='ltr'>periculo</span> <span class='ocrx_word' id='word_1_335' title='bbox 1053 3607 1235 3689; x_wconf 76' lang='lat' dir='ltr'>imponere?</span> <span class='ocrx_word' id='word_1_336' title='bbox 1259 3629 1335 3671; x_wconf 93' lang='lat' dir='ltr'>con·</span> 
     </span>
    </p>
   </div>
   <div class='ocr_carea' id='block_1_3' title="bbox 205 3690 1371 4033">
    <p class='ocr_par' dir='ltr' id='par_1_10' title="bbox 250 3690 1369 3775">
     <span class='ocr_line' id='line_1_38' title="bbox 250 3690 1369 3775; baseline -0.007 -15"><span class='ocrx_word' id='word_1_337' title='bbox 250 3707 353 3760; x_wconf 88' lang='lat' dir='ltr'>tentus</span> <span class='ocrx_word' id='word_1_338' title='bbox 367 3714 451 3771; x_wconf 87' lang='lat' dir='ltr'>sum,</span> <span class='ocrx_word' id='word_1_339' title='bbox 471 3695 575 3759; x_wconf 89' lang='lat' dir='ltr'>sinos</span> <span class='ocrx_word' id='word_1_340' title='bbox 596 3696 813 3758; x_wconf 89' lang='lat' dir='ltr'>descendentes</span> <span class='ocrx_word' id='word_1_341' title='bbox 835 3695 981 3758; x_wconf 79' lang='lat' dir='ltr'>adiuverit</span> <span class='ocrx_word' id='word_1_342' title='bbox 995 3694 1101 3757; x_wconf 67' lang='lat' dir='ltr'>casus?</span> <span class='ocrx_word' id='word_1_343' title='bbox 1130 3690 1203 3757; x_wconf 90' lang='lat' dir='ltr'>‘non</span> <span class='ocrx_word' id='word_1_344' title='bbox 1218 3695 1334 3775; x_wconf 92' lang='lat' dir='ltr'>impru-</span> <span class='ocrx_word' id='word_1_345' title='bbox 1354 3702 1369 3751; x_wconf 84' lang='lat'>3</span> 
     </span>
    </p>

    <p class='ocr_par' dir='ltr' id='par_1_11' title="bbox 251 3779 1335 3862">
     <span class='ocr_line' id='line_1_39' title="bbox 251 3779 1335 3862; baseline -0.005 -16"><span class='ocrx_word' id='word_1_346' title='bbox 251 3782 336 3845; x_wconf 87' lang='lat' dir='ltr'>dens’</span> <span class='ocrx_word' id='word_1_347' title='bbox 349 3781 450 3862; x_wconf 91' lang='lat' dir='ltr'>inquit</span> <span class='ocrx_word' id='word_1_348' title='bbox 464 3779 640 3844; x_wconf 88' lang='lat' dir='ltr'>‘eonsilium&#39;</span> <span class='ocrx_word' id='word_1_349' title='bbox 655 3780 821 3862; x_wconf 91' lang='lat' dir='ltr'>Eumolpos</span> <span class='ocrx_word' id='word_1_350' title='bbox 835 3781 872 3843; x_wconf 87' lang='lat' dir='ltr'>‘si</span> <span class='ocrx_word' id='word_1_351' title='bbox 882 3781 994 3843; x_wconf 90' lang='lat' dir='ltr'>aditum</span> <span class='ocrx_word' id='word_1_352' title='bbox 1008 3780 1141 3842; x_wconf 86' lang='lat' dir='ltr'>baberet.</span> <span class='ocrx_word' id='word_1_353' title='bbox 1172 3780 1239 3860; x_wconf 87' lang='lat' dir='ltr'>quis</span> <span class='ocrx_word' id='word_1_354' title='bbox 1254 3779 1335 3842; x_wconf 88' lang='lat' dir='ltr'>enim</span> 
     </span>
    </p>

    <p class='ocr_par' dir='ltr' id='par_1_12' title="bbox 205 3864 1371 4033">
     <span class='ocr_line' id='line_1_40' title="bbox 251 3864 1331 3947; baseline -0.003 -17"><span class='ocrx_word' id='word_1_355' title='bbox 251 3887 314 3930; x_wconf 93' lang='lat' dir='ltr'>non</span> <span class='ocrx_word' id='word_1_356' title='bbox 330 3876 438 3930; x_wconf 89' lang='lat' dir='ltr'>euntes</span> <span class='ocrx_word' id='word_1_357' title='bbox 453 3864 590 3928; x_wconf 76' lang='lat' dir='ltr'>notabit?</span> <span class='ocrx_word' id='word_1_358' title='bbox 605 3866 708 3947; x_wconf 91' lang='lat' dir='ltr'>utique</span> <span class='ocrx_word' id='word_1_359' title='bbox 723 3866 924 3947; x_wconf 89' lang='lat' dir='ltr'>gubernator,</span> <span class='ocrx_word' id='word_1_360' title='bbox 946 3866 998 3945; x_wconf 92' lang='lat' dir='ltr'>qui</span> <span class='ocrx_word' id='word_1_361' title='bbox 1013 3865 1139 3947; x_wconf 81' lang='lat' dir='ltr'>pervigil</span> <span class='ocrx_word' id='word_1_362' title='bbox 1154 3873 1243 3928; x_wconf 88' lang='lat' dir='ltr'>nocte</span> <span class='ocrx_word' id='word_1_363' title='bbox 1258 3864 1331 3927; x_wconf 86' lang='lat' dir='ltr'>side·</span> 
     </span>
     <span class='ocr_line' id='line_1_41' title="bbox 205 3950 1371 4033; baseline -0.003 -19"><span class='ocrx_word' id='word_1_364' title='bbox 205 3964 231 4014; x_wconf 84' lang='lat' dir='ltr'>ld</span> <span class='ocrx_word' id='word_1_365' title='bbox 250 3971 320 4016; x_wconf 90' lang='lat' dir='ltr'>rum</span> <span class='ocrx_word' id='word_1_366' title='bbox 330 3971 454 4033; x_wconf 84' lang='lat' dir='ltr'>quoque</span> <span class='ocrx_word' id='word_1_367' title='bbox 468 3960 567 4014; x_wconf 91' lang='lat' dir='ltr'>motus</span> <span class='ocrx_word' id='word_1_368' title='bbox 582 3952 721 4017; x_wconf 90' lang='lat' dir='ltr'>custodit</span> <span class='ocrx_word' id='word_1_369' title='bbox 752 3963 782 4014; x_wconf 89' lang='lat' dir='ltr'>et</span> <span class='ocrx_word' id='word_1_370' title='bbox 793 3962 948 4031; x_wconf 90' lang='lat' dir='ltr'>utcunque</span> <span class='ocrx_word' id='word_1_371' title='bbox 959 3951 1074 4032; x_wconf 93' lang='lat' dir='ltr'>imponi</span> <span class='ocrx_word' id='word_1_372' title='bbox 1086 3950 1160 4013; x_wconf 91' lang='lat' dir='ltr'>nibil</span> <span class='ocrx_word' id='word_1_373' title='bbox 1175 3950 1335 4012; x_wconf 90' lang='lat' dir='ltr'>dormienti</span> <span class='ocrx_word' id='word_1_374' title='bbox 1356 3959 1371 4009; x_wconf 81' lang='lat' dir='ltr'>l</span> 
     </span>
    </p>
   </div>
   <div class='ocr_carea' id='block_1_4' title="bbox 251 4082 1336 4294">
    <p class='ocr_par' dir='ltr' id='par_1_13' title="bbox 251 4082 1336 4294">
     <span class='ocr_line' id='line_1_42' title="bbox 338 4082 1336 4156; baseline -0.008 -13"><span class='ocrx_word' id='word_1_375' title='bbox 338 4093 352 4143; x_wconf 89' lang='lat'>1</span> <span class='ocrx_word' id='word_1_376' title='bbox 365 4086 392 4140; x_wconf 89' lang='lat' dir='ltr'>ld</span> <span class='ocrx_word' id='word_1_377' title='bbox 404 4091 445 4141; x_wconf 81' lang='lat' dir='ltr'>est</span> <span class='ocrx_word' id='word_1_378' title='bbox 456 4086 527 4156; x_wconf 75' lang='lat' dir='ltr'>prol</span> <span class='ocrx_word' id='word_1_379' title='bbox 542 4088 573 4140; x_wconf 81' lang='lat' dir='ltr'>te</span> <span class='ocrx_word' id='word_1_380' title='bbox 591 4091 618 4139; x_wconf 87' lang='lat' dir='ltr'>et</span> <span class='ocrx_word' id='word_1_381' title='bbox 629 4086 759 4140; x_wconf 86' lang='lat' dir='ltr'>communi</span> <span class='ocrx_word' id='word_1_382' title='bbox 771 4087 917 4149; x_wconf 78' lang='lat' dir='ltr'>laoobsa&#39;ua,</span> <span class='ocrx_word' id='word_1_383' title='bbox 935 4088 962 4137; x_wconf 85' lang='lat' dir='ltr'>et</span> <span class='ocrx_word' id='word_1_384' title='bbox 974 4082 1133 4137; x_wconf 85' lang='lat' dir='ltr'>omnimodo</span> <span class='ocrx_word' id='word_1_385' title='bbox 1144 4097 1195 4149; x_wconf 82' lang='lat' dir='ltr'>ego</span> <span class='ocrx_word' id='word_1_386' title='bbox 1208 4082 1219 4151; x_wconf 83' lang='grc' dir='ltr'>Ι</span> <span class='ocrx_word' id='word_1_387' title='bbox 1232 4085 1265 4136; x_wconf 77' lang='grc'>24</span> <span class='ocrx_word' id='word_1_388' title='bbox 1277 4097 1336 4149; x_wconf 85' lang='lat' dir='ltr'>gra·</span> 
     </span>
     <span class='ocr_line' id='line_1_43' title="bbox 251 4149 1336 4225; baseline -0.007 -15"><span class='ocrx_word' id='word_1_389' title='bbox 251 4156 460 4225; x_wconf 63' lang='lat' dir='ltr'>nummatas,</span> <span class='ocrx_word' id='word_1_390' title='bbox 475 4152 594 4217; x_wconf 73' lang='lat' dir='ltr'>tortam</span> <span class='ocrx_word' id='word_1_391' title='bbox 611 4154 742 4208; x_wconf 80' lang='lat' dir='ltr'>curvatim</span> <span class='ocrx_word' id='word_1_392' title='bbox 760 4153 770 4221; x_wconf 78' lang='lat' dir='ltr'>l</span> <span class='ocrx_word' id='word_1_393' title='bbox 788 4155 820 4207; x_wconf 77' lang='lat'>27</span> <span class='ocrx_word' id='word_1_394' title='bbox 839 4152 962 4206; x_wconf 75' lang='lat' dir='ltr'>amedera</span> <span class='ocrx_word' id='word_1_395' title='bbox 981 4153 992 4221; x_wconf 74' lang='lat' dir='ltr'>l</span> <span class='ocrx_word' id='word_1_396' title='bbox 1014 4154 1047 4206; x_wconf 80' lang='lat'>28</span> <span class='ocrx_word' id='word_1_397' title='bbox 1065 4152 1167 4217; x_wconf 83' lang='lat' dir='ltr'>urgenti</span> <span class='ocrx_word' id='word_1_398' title='bbox 1184 4149 1336 4220; x_wconf 64' lang='lat' dir='ltr'>Ildektasu</span> 
     </span>
     <span class='ocr_line' id='line_1_44' title="bbox 252 4218 1301 4294; baseline -0.008 -14"><span class='ocrx_word' id='word_1_399' title='bbox 252 4227 286 4280; x_wconf 75' lang='grc'>36</span> <span class='ocrx_word' id='word_1_400' title='bbox 302 4224 451 4294; x_wconf 83' lang='lat' dir='ltr'>impendere</span> <span class='ocrx_word' id='word_1_401' title='bbox 476 4222 614 4276; x_wconf 72' lang='lat' dir='ltr'>lacobatas</span> <span class='ocrx_word' id='word_1_402' title='bbox 625 4224 636 4291; x_wconf 91' lang='grc'>1</span> <span class='ocrx_word' id='word_1_403' title='bbox 648 4224 680 4277; x_wconf 74' lang='lat'>37</span> <span class='ocrx_word' id='word_1_404' title='bbox 699 4225 829 4289; x_wconf 74' lang='lat' dir='ltr'>temptaui</span> <span class='ocrx_word' id='word_1_405' title='bbox 845 4221 973 4276; x_wconf 76' lang='lat' dir='ltr'>suaserit</span> <span class='ocrx_word' id='word_1_406' title='bbox 990 4227 1078 4274; x_wconf 87' lang='lat' dir='ltr'>custos</span> <span class='ocrx_word' id='word_1_407' title='bbox 1089 4218 1101 4289; x_wconf 86' lang='grc' dir='ltr'>Ι</span> <span class='ocrx_word' id='word_1_408' title='bbox 1112 4222 1147 4273; x_wconf 79' lang='lat'>4⁰</span> <span class='ocrx_word' id='word_1_409' title='bbox 1165 4219 1240 4285; x_wconf 87' lang='lat' dir='ltr'>nihill</span> <span class='ocrx_word' id='word_1_410' title='bbox 1258 4220 1301 4274; x_wconf 81' lang='lat' dir='ltr'>rel</span> 
     </span>
    </p>
   </div>
   <div class='ocr_carea' id='block_1_5' title="bbox 0 0 1716 4934">
    <p class='ocr_par' dir='ltr' id='par_1_14' title="bbox 0 0 1716 4934">
     <span class='ocr_line' id='line_1_45' title="bbox 0 0 1716 4934; baseline 0 0"><span class='ocrx_word' id='word_1_411' title='bbox 0 0 1716 4934; x_wconf 95' lang='lat' dir='ltr'> </span> 
     </span>
    </p>
   </div>
  </div>
 </body>
</html>
