3417 4934
757 423 911 478 vernoun

448 600 529 680 ipsae
544 600 607 659 iam.
617 598 715 660 nubes
728 605 835 678 ruptae
850 616 942 677 super
956 613 1038 657 arma
1053 597 1209 675 cadebant,

386 696 432 747 200
446 693 476 746 00
491 692 632 745 00000000
646 683 715 763 gelu
730 683 817 763 ponti
831 682 912 745 velut
926 682 1005 744 unda
1020 682 1136 744 ruebat.

448 770 523 831 01000
539 777 602 830 0000
616 768 733 849 ingenti
747 768 833 830 tellus
849 767 916 828 nire
932 768 1066 846 01000000
1081 768 1154 829 caeli
1179 840 1181 844 ¹

449 855 555 929 sidera,
569 854 644 915 victa
660 854 722 915 suis
736 853 890 914 haerentia
904 852 1028 913 tlumina
1042 853 1132 933 ripis;

448 940 582 1002 nondum
599 938 706 1001 Caesar
720 947 793 1013 erat,
808 940 860 1000 sed
875 956 1013 1017 magnam
1028 938 1116 1000 nixus
1130 939 1162 1000 in
1177 941 1286 1003 hastam

444 1024 565 1086 borrida
581 1023 695 1087 securis
710 1022 868 1102 frangebat
881 1022 1034 1103 gressibus
1048 1041 1125 1098 0000,

378 1120 422 1171 200
445 1109 539 1190 000110
554 1108 700 1171 Caucasea
715 1108 880 1171 decurrens
894 1110 1005 1171 arduus
1020 1126 1090 1170 arce

299 1188 301 1193 ’
447 1194 736 1275 Amphitryoniades,
752 1203 901 1256 00000000
917 1193 1052 1275 luppiter
1062 1212 1126 1268 ore,

448 1298 517 1343 cum
531 1299 564 1342 00
578 1278 739 1342 verticibus
755 1280 854 1358 magni
870 1279 988 1341 demisit
1003 1278 1121 1359 Olympi
1214 1349 1217 1358 ,

447 1375 477 1428 00
491 1365 694 1446 periturorum
709 1364 825 1427 disiecit
840 1363 896 1426 tela
912 1363 1081 1444 Gigantum=

499 1450 570 1511 dum
586 1450 693 1511 Cacsar
706 1450 833 1512 tumidas
848 1450 942 1511 iratus
957 1448 1097 1529 deprimit
1111 1468 1206 1527 arces,

323 1565 335 1613 J
378 1547 422 1598 210
444 1536 557 1597 1000000
572 1535 695 1597 volucer
708 1535 797 1597 motis
812 1534 973 1597 conterrita
988 1535 1090 1614 pinnis

447 1621 534 1682 Fama
550 1621 628 1682 00100
642 1620 811 1700 summique
826 1620 902 1699 petit
915 1621 984 1700 iuga
999 1620 1077 1682 celsa
1092 1620 1185 1682 Palati

447 1715 536 1786 00000
551 1706 609 1766 1000
624 1704 760 1767 Romano
775 1707 891 1767 tonitru
907 1705 975 1767 lerit
990 1705 1090 1767 omnia
1105 1708 1206 1785 signa:

446 1792 503 1852 iam
519 1791 627 1852 classes
641 1791 756 1852 fluitare
771 1792 845 1852 mari
861 1798 996 1869 totasque
1011 1809 1068 1869 per
1081 1790 1173 1872 Alpes

447 1876 563 1937 fervere
578 1874 727 1937 Germano
743 1877 878 1955 perfusas
893 1876 1038 1956 sanguine
1053 1884 1177 1939 turmas.

379 1970 423 2021 210
446 1979 538 2035 arma,
554 1979 653 2037 cruor,
670 1960 783 2035 caedes,
799 1961 938 2023 incendia
953 1970 1076 2041 totaque
1091 1961 1169 2023 bella

445 2056 515 2108 ante
531 2045 634 2108 oculos
647 2045 779 2107 volitant.
810 2065 882 2127 ergo
895 2046 1010 2127 pulsata
1025 2047 1156 2109 tumultu

446 2140 568 2212 pectora
583 2148 697 2211 perque
712 2131 785 2194 duas
800 2131 980 2193 scinduntur
994 2132 1098 2194 0000100
1113 2150 1227 2195 causas.

446 2216 516 2278 huic
532 2218 601 2296 luga
617 2234 672 2296 per
687 2226 790 2291 terras,
807 2217 848 2278 illi
864 2218 958 2297 magis
972 2218 1053 2279 unda
1068 2218 1213 2297 probatur

448 2310 477 2363 et
491 2301 585 2382 patria
600 2310 713 2381 pontus
727 2302 785 2363 iam
801 2302 902 2364 tutior.
933 2311 979 2364 est
993 2302 1086 2382 magis
1101 2321 1184 2365 arma

310 2415 313 2420 ⁴
378 2396 422 2448 020
445 2388 496 2466 qui
509 2395 655 2467 temptare
669 2387 739 2449 velit
754 2387 880 2467 latisque
895 2386 1068 2450 iubentibus
1082 2389 1136 2450 uti.

447 2483 591 2552 quantum
607 2472 734 2552 quisque
748 2473 843 2547 timet,
858 2481 974 2534 tantum
988 2473 1074 2552 fugit.
1105 2474 1189 2536 ocior
1201 2472 1264 2554 ipsc

447 2558 503 2620 bos
518 2558 597 2619 inter
612 2567 710 2619 motus
725 2559 866 2639 populus,
882 2558 1050 2620 miserabile
1064 2559 1139 2635 0100,

447 2662 506 2723 000
522 2661 608 2705 mens
622 2644 679 2705 icta
694 2643 786 2717 iubet,
803 2643 919 2707 deserta
935 2644 1053 2706 ducitur
1067 2643 1153 2711 urbe.

445 2728 554 2808 gaudet
568 2729 660 2790 Roma
676 2730 756 2808 luga,
771 2729 968 2809 debellatique
983 2729 1114 2801 Quirites

376 2822 420 2873 220
442 2814 571 2876 rumoris
585 2814 683 2876 sonitu
699 2815 861 2875 maerentia
875 2823 953 2876 tecta
967 2814 1153 2894 relinquunt.

446 2898 495 2960 ille
510 2917 601 2960 manu
616 2899 719 2977 pavida
735 2908 821 2960 natos
835 2908 928 2974 tenet,
942 2899 992 2961 ille
1007 2908 1131 2979 penates

447 2983 577 3044 00001000
591 2983 703 3064 gremio
718 2984 966 3064 deploratumque
982 2985 1125 3063 relinquit

446 3068 537 3130 limen
553 3078 583 3129 ct
597 3068 751 3130 absentem
765 3069 840 3131 rotis
855 3070 997 3133 interficit
1010 3071 1137 3132 bostem.

446 3162 518 3214 sunt
532 3154 585 3232 qui
599 3154 778 3234 coniugibus
792 3156 956 3216 maerentia
971 3165 1092 3236 pectore
1106 3156 1245 3236 iungant,

296 3291 299 3299 .
376 3246 420 3297 200
441 3238 683 3318 grandaevosque
698 3247 798 3321 patres
813 3241 974 3320 onerisque
989 3241 1091 3322 ignara
1104 3241 1245 3304 iuventus

444 3323 474 3384 id
488 3341 544 3404 pro
560 3343 620 3404 quo
636 3325 751 3400 metuit,
767 3333 884 3388 0000000
898 3327 998 3388 0001010.
1028 3326 1128 3388 omnia
1143 3344 1247 3388 secum

444 3408 493 3470 bic
507 3410 588 3471 vehit
602 3409 778 3491 imprudens
792 3412 993 3492 praedamque
1008 3412 1039 3473 in
1056 3411 1169 3491 proelia
1183 3411 1282 3474 ducit:

444 3511 479 3555 ae
493 3495 575 3557 velut
588 3514 624 3556 cx
639 3496 698 3557 alto
715 3515 783 3558 cum
799 3515 926 3576 magnus
940 3497 1091 3559 inborruit
1105 3505 1206 3559 auster

445 3587 475 3639 et
489 3580 590 3659 pulsas
604 3580 709 3642 evertit
723 3600 824 3662 aquas,
840 3602 902 3645 non
919 3600 999 3644 arma
1014 3582 1167 3656 ministris,

329 3685 333 3694 ·
376 3669 420 3722 200
442 3683 504 3725 000
520 3665 653 3744 regimen
669 3667 802 3747 prodest,
816 3667 888 3748 ligat
901 3668 976 3729 alter
989 3669 1122 3748 pondera
1137 3667 1239 3747 pinus,
1324 3739 1326 3743 ,

445 3748 521 3811 01000
534 3757 596 3812 0000
612 3750 697 3813 01000
711 3754 932 3833 tranquillaque
947 3754 1034 3815 litora
1050 3753 1183 3833 quaerit:

290 3868 496 3878 -ψ

376 3921 426 3972 200
444 3918 534 3971 umbra
554 3917 661 3977 011208
679 3918 772 3972 deiecit
784 3919 794 3988 l
807 3922 858 3975 210
877 3919 1010 3973 volucrum
1028 3926 1054 3971 00
1070 3922 1101 3971 in
1116 3922 1243 3985 margine
1260 3919 1368 3973 volneris

289 3985 400 4053 Lim
419 3985 552 4039 Romanos
568 3987 729 4040 uouemus.
765 4004 817 4054 quo
832 3992 949 4055 probato
968 3991 1099 4055 temptavi
1116 3989 1194 4040 obvia
1212 3987 1223 4056 Ι
1241 3992 1289 4043 221
1308 3991 1369 4041 ano
1422 4051 1426 4062 Ι

291 4057 339 4110 231
361 4054 502 4108 Vallenses
513 4057 608 4122 posuit
629 4054 635 4124 Ι
658 4055 726 4123 fugit
743 4057 815 4110 ocior
832 4060 891 4126 ipsc
909 4057 1067 4110 11000010οω
1086 4055 1097 4125 Ι
1120 4059 1171 4111 222
1188 4058 1297 4125 pignora
1315 4056 1369 4109 Ste-

289 4124 429 4191 mochimi
443 4127 494 4179 230
512 4126 616 4175 coneo
632 4138 725 4191 parens
740 4122 855 4193 10000010
874 4126 925 4179 lert
941 4140 1024 4192 gnava
1042 4126 1140 4177 lunius
1163 4130 1192 4177 ot
1210 4121 1370 4194 Vatum!

292 4192 342 4245 234
359 4194 491 4259 magistris
512 4190 706 4263 0011οὼ01001
720 4194 770 4247 236
788 4194 847 4246 0100
