3417 4934
723 441 877 497 servunt
1296 443 1338 504 83

205 625 238 682 ι
253 615 370 698 recepi.
406 616 456 678 ille
470 625 505 681 ut
526 635 558 679 se
579 617 611 678 in
631 617 786 696 grabatum
808 617 912 679 reiecit
929 616 1060 697 viditque
1080 617 1187 680 Gitona
1209 617 1240 680 in
1263 636 1337 680 con·

254 710 362 784 spectu
378 701 608 778 ministrantem,
624 704 715 765 movit
729 711 819 784 caput
835 711 867 764 et
881 701 987 764 ‘laudo‘
1002 702 1101 783 iuquit
1116 703 1337 785 ‘Ganymedem

255 795 378 868 oportet
392 788 481 852 hodie
496 789 574 851 bene
588 786 644 851 sit'.
683 807 745 851 non
765 788 920 851 delectavit
940 807 987 850 mo
1007 797 1066 850 tam
1086 789 1237 851 curiosum
1251 790 1336 871 prin·
1358 802 1373 851 4

255 875 368 955 cipium
384 873 540 955 timuique,
556 893 595 936 ne
611 874 642 936 in
658 873 891 937 contubernium
904 875 1084 955 recepissem
1100 875 1210 958 Ascylti
1225 878 1337 956 parem.

217 961 346 1026 sinstat
361 958 543 1042 Eumolpus,
567 968 679 1022 etcum
698 979 774 1041 puer
789 960 830 1022 illi
851 961 1005 1041 potionem
1028 960 1167 1035 dedisset,
1190 961 1278 1022 ‘malo
1300 960 1337 1022 te’
1358 972 1373 1021 5

254 1044 356 1126 inquit
373 1048 472 1124 ‘quam
488 1046 628 1108 balneum
644 1044 749 1109 totum’
764 1046 935 1126 siccatoque
950 1045 1033 1107 avide
1051 1046 1161 1126 poculo
1178 1054 1267 1127 negat
1281 1046 1337 1109 sibi

254 1148 390 1211 unquam
407 1132 519 1194 acidius
535 1131 635 1194 luisse.
672 1136 752 1194 ‘nam
773 1140 803 1193 et
817 1133 888 1194 dum
903 1128 992 1194 lavor’
1014 1131 1055 1192 ait
1073 1137 1179 1213 ‘paene
1192 1132 1335 1213 vapulavi,
1357 1144 1373 1193 e

255 1217 323 1297 quia
347 1225 475 1279 conatus
496 1235 562 1280 sum
585 1217 663 1279 circa
685 1217 794 1280 solium
815 1216 990 1280 sedentibus
1008 1235 1129 1279 carmen
1149 1218 1285 1292 recitare,
1309 1226 1340 1279 et

255 1310 415 1383 postquam
436 1302 472 1365 de
491 1302 599 1365 balneo
619 1311 760 1382 tanquam
783 1302 819 1364 de
840 1303 957 1365 theatro
980 1303 1091 1364 eiectus
1112 1322 1188 1375 sum,
1211 1304 1338 1365 circuire

205 1401 236 1455 tt
255 1406 362 1451 omnes
385 1389 511 1469 angulos
526 1388 612 1469 coepi
634 1396 665 1449 et
681 1389 760 1450 clara
775 1406 848 1450 voce
863 1388 1032 1469 Encolpion
1052 1388 1212 1451 clamitare.
1243 1408 1279 1450 ex
1294 1390 1335 1450 al·
1357 1402 1371 1451 't

255 1483 318 1536 tera
341 1481 427 1556 parte
448 1474 563 1537 iuvenis
586 1473 700 1549 nudus,
723 1474 775 1552 qui
798 1474 972 1536 vestimenta
993 1474 1177 1554 perdiderat,
1201 1494 1263 1537 non
1281 1474 1337 1535 mi·

256 1577 331 1622 nore
354 1559 492 1623 clamoris
522 1559 729 1641 indignatione
753 1558 861 1621 Gitona
891 1560 1049 1641 flagitabat.
1093 1568 1125 1621 et
1145 1578 1193 1621 me
1215 1559 1372 1640 quideme

257 1643 342 1726 pueri
365 1654 508 1726 tanquam
536 1646 675 1708 insanum
706 1645 872 1707 imitatione
899 1645 1134 1725 petulantissima
1158 1646 1336 1720 deriserunt,

255 1730 338 1793 illum
362 1739 461 1793 autem
483 1732 652 1811 frequentia
672 1731 781 1810 ingens
798 1731 995 1793 circumvenit
1013 1749 1082 1792 cum
1104 1732 1209 1812 plausu
1232 1740 1262 1793 et
1283 1733 1334 1793 ad·

206 1831 237 1884 15
255 1816 412 1879 miratione
439 1816 632 1879 timidissima.
676 1816 803 1878 habebat
831 1817 911 1878 enim
940 1817 1098 1897 inguinum
1127 1817 1246 1897 pondus
1274 1824 1372 1879 mure

255 1902 379 1983 grande,
395 1909 429 1965 ut
442 1902 541 1983 ipsum
556 1902 707 1964 hominem
722 1902 859 1964 laciniam
871 1902 975 1964 lasciui
988 1901 1137 1965 crederes.
1168 1904 1333 1965 oiuvcnem

255 1987 452 2051 laboriosum:
469 1997 542 2069 puto
554 1987 638 2049 illum
649 1987 747 2068 pridie
759 1989 902 2069 incipere,
919 1996 1040 2068 postero
1056 1989 1103 2050 die
1114 1988 1210 2051 finire.
1233 1989 1334 2069 itaque
1356 1996 1385 2049 to

255 2074 352 2137 statim
375 2074 491 2136 invenit
508 2074 665 2149 auxilium3
687 2073 790 2136 nescio
812 2075 880 2154 quis
902 2074 998 2149 enim,
1022 2093 1114 2153 eques
1129 2074 1283 2136 Romanus
1303 2085 1337 2135 ut

256 2159 376 2222 aiebant
393 2160 527 2235 inlamis,
549 2176 601 2222 sua
615 2167 697 2221 veste
717 2166 866 2221 errantem
888 2160 1084 2222 circumdedit
1098 2178 1133 2222 ac
1147 2161 1268 2222 domurn
1284 2160 1335 2221 ab·

212 2259 238 2310 u
255 2245 351 2329 duxit,
374 2245 480 2321 credo,
502 2254 536 2308 ut
556 2253 617 2307 tam
638 2263 746 2326 magua
766 2246 888 2307 fortuna
903 2245 984 2308 solus
998 2254 1145 2307 uteretur.
1182 2255 1212 2307 at
1226 2265 1281 2326 ego
1298 2264 1337 2307 ne
1360 2249 1387 2301 11

256 2349 320 2393 mea
334 2329 457 2412 quidem
471 2331 646 2394 vestimenta
661 2330 698 2393 ab
714 2330 849 2393 officioso
869 2332 982 2394 custode
996 2332 1185 2412 recepissem,
1208 2332 1266 2393 nisi
1281 2350 1337 2393 no-

255 2425 350 2479 torem
366 2415 525 2479 dedissem.
562 2424 646 2479 tanto
662 2417 756 2497 magis
772 2416 890 2498 expedit
905 2417 1029 2497 inguina
1045 2435 1133 2497 quam
1148 2418 1268 2497 ingenia
1282 2418 1335 2479 lri-

256 2501 343 2569 care’.
366 2501 595 2582 haeeEumolpo
605 2501 724 2565 dicente
732 2501 884 2565 mutabam
897 2521 952 2582 ego
964 2502 1203 2583 frequentissime
1214 2504 1336 2577 vultum,
1359 2513 1388 2562 12

255 2588 374 2651 iniuriis
387 2587 502 2651 scilicet
518 2588 632 2650 inimici
651 2589 709 2649 mci
724 2588 843 2670 hilaris,
866 2588 1031 2650 commodis
1049 2588 1151 2651 tristis.
1182 2597 1337 2668 utcunque
1359 2598 1387 2648 13

214 2685 238 2737 tt
255 2684 365 2750 tamen,
381 2681 523 2755 tanquam
537 2692 599 2735 nou
610 2691 803 2755 agnoscerem
816 2672 955 2748 fabulam,
967 2674 1047 2736 moui
1058 2683 1087 2735 et
1097 2691 1189 2735 cenae
1201 2675 1335 2736 ordinem

257 2760 385 2842 explicui

789 2866 806 2904 *

341 2932 410 2995 ‘vile
424 2939 480 3006 est,
496 2931 669 3010 quodlicet,
685 2937 716 2991 et
730 2930 847 2992 animus
863 2947 967 2992 errore
982 2930 1082 2994 lentus
1096 2931 1220 2994 iniurias
1231 2932 1333 3012 diligit.
1348 2924 1392 2995 93
1427 2994 1431 3001 ,

463 3016 523 3079 ales
538 3015 688 3079 Phasiacis
702 3016 793 3096 petita
809 3016 927 3078 Colchis
1358 3026 1372 3075 2

462 3110 552 3182 atque
566 3103 652 3164 dirae
666 3102 803 3164 volucres
818 3102 938 3182 placent
953 3102 1061 3181 palato,

463 3188 543 3269 quod
559 3206 620 3249 non
637 3195 709 3250 sunt
723 3188 839 3250 facilest
858 3196 888 3248 at
902 3187 988 3249 albus
1002 3206 1091 3250 anser

465 3282 496 3336 ct
510 3274 683 3355 pictisanas
698 3282 838 3335 renovata
853 3274 963 3353 pennis

466 3358 617 3441 plebeium
631 3359 717 3441 sapit.
747 3360 860 3422 ultimis
874 3357 911 3420 ab
927 3358 988 3420 oris

465 3453 608 3508 attractus
621 3462 724 3507 scarus
737 3455 826 3524 atque
841 3453 922 3506 arata
937 3444 1031 3525 Syrtis

467 3531 491 3593 si
506 3530 579 3610 quid
594 3531 748 3610 naufragio
764 3530 853 3607 dedit,
869 3530 1029 3611 probatur:

465 3616 575 3679 mullus
589 3616 647 3678 iam
662 3616 757 3695 gravis
772 3626 826 3679 est.
856 3616 949 3677 amica
964 3616 1056 3676 vincit

465 3720 599 3764 uxorem.
630 3720 698 3765 rosa
714 3702 886 3764 cinnamum
901 3710 1031 3763 veretur.

466 3787 608 3869 quicquid
623 3789 785 3869 quaeritur,
802 3788 947 3869 optimum
963 3785 1095 3848 videtur!

347 3873 415 3936 ‘hoc
430 3872 484 3937 est’
498 3873 620 3955 inquam
638 3875 729 3954 ‘quod
743 3875 937 3956 promiseras,
951 3892 997 3935 ue
1013 3892 1102 3952 quem
1117 3872 1205 3934 hodie
1218 3891 1335 3934 versum
1356 3882 1372 3931 e

265 3957 398 4022 laceres?
418 3977 473 4040 per
488 3960 588 4036 fidem,
603 3959 707 4023 saltem
724 3959 812 4023 nobis
827 3978 927 4041 parce,
943 3959 995 4039 qui
1010 3968 1040 4019 te
1056 3977 1210 4038 nunquam
1225 3958 1335 4037 lapida-

265 4094 468 4108 -u————

348 4164 364 4217 8
382 4161 431 4232 at!
445 4165 480 4217 24
496 4162 578 4216 nostrl
599 4161 803 4229 Tomaesianal
817 4164 850 4214 27
861 4161 947 4215 laetus
966 4161 1104 4226 Graevius,
1124 4160 1202 4213 errori
1220 4159 1336 4213 intentus

267 4234 365 4285 comem
376 4232 387 4301 Ι
399 4233 432 4289 31
449 4232 507 4286 avis
522 4232 694 4299 dorthgtum.
710 4235 796 4283 metro
814 4234 939 4283 convenit
954 4230 1080 4284 aemulata
