3417 4934
767 485 922 541 servate

511 662 582 725 artis
596 678 714 725 severae
729 660 753 724 si
770 661 836 740 quis
851 661 943 723 ambit
957 661 1081 724 effectus

512 756 702 828 mentemque
718 748 834 827 magnis
849 747 986 828 applicat,
1002 747 1087 827 prius
1101 765 1200 810 mores

512 833 685 914 frugalitatis
699 832 764 912 lege
779 833 872 913 poliat
886 842 998 895 exacta.

513 939 570 983 nec
586 928 670 982 curet
684 918 742 980 alto
758 919 870 999 regiam
885 930 999 982 trucem
1014 918 1097 981 vultu

513 1006 641 1069 cliensve
657 1023 747 1068 cenas
762 1005 972 1085 impotentium
987 1013 1094 1085 captet,

515 1110 571 1154 nec
586 1090 709 1171 perditis
724 1090 858 1154 addictus
874 1091 982 1153 obruat
995 1091 1064 1153 vino

513 1177 621 1239 mentis
636 1176 775 1251 calorem,
792 1195 867 1239 neve
882 1177 1004 1257 plausor
1018 1177 1048 1238 in
1065 1194 1202 1239 scaenam

513 1263 612 1326 sedeat
625 1261 797 1342 redemptus
812 1262 964 1325 histrionis
979 1264 1014 1325 ad
1030 1262 1130 1328 rictus

463 1348 515 1412 sed
530 1348 591 1411 sive
606 1348 768 1426 armigerae
782 1347 882 1411 rident
897 1348 1060 1411 Tritonidis
1074 1367 1168 1424 arces,

463 1453 517 1497 seu
531 1433 767 1496 Lacedaemonio
782 1434 871 1497 tellus
885 1434 1013 1497 habitata
1029 1434 1137 1497 colono

463 1520 638 1583 Sirenumve
654 1520 769 1593 domus,
785 1519 835 1581 det
849 1520 964 1601 primos
978 1519 1111 1582 versibus
1126 1539 1222 1583 annos

462 1605 693 1684 Maeoniumque
709 1604 791 1666 bibat
806 1606 884 1668 felici
899 1614 1021 1687 pectore
1036 1608 1161 1669 iontem.

463 1709 532 1755 mox
547 1699 577 1753 et
592 1691 744 1752 Socratico
759 1691 868 1771 plenus
882 1710 973 1774 grege
987 1693 1084 1754 mittat
1098 1692 1228 1755 habenas

463 1777 539 1839 liber
554 1785 585 1839 et
599 1777 730 1856 ingentis
746 1777 858 1855 quatiat
874 1778 1081 1842 Demosthenis
1096 1797 1186 1840 arma.

462 1863 534 1925 hino
549 1862 682 1924 Romana
699 1881 804 1925 manus
820 1865 1005 1927 circumfluat
1020 1874 1049 1926 et
1064 1864 1153 1925 modo
1170 1863 1258 1925 Graio

462 1958 623 2011 exonerata
638 1968 713 2011 sono
728 1958 824 2011 mutet
837 1951 948 2013 suffusa
964 1969 1111 2030 saporem.

464 2035 614 2098 interdum
630 2034 777 2096 subducta
792 2036 858 2096 loro
874 2037 924 2098 det
938 2037 1046 2117 pagina
1062 2054 1183 2099 cursum

464 2130 494 2183 et
509 2122 630 2183 fortuna
646 2130 733 2181 sonet
748 2121 837 2183 celeri
853 2122 991 2184 distincta
1008 2132 1105 2184 meatu

463 2206 537 2269 dent
551 2205 655 2286 epulas
670 2215 700 2267 et
714 2206 789 2269 bella
806 2209 884 2269 truci
900 2217 1062 2270 memorata
1078 2227 1187 2270 canore

464 2293 648 2372 grandiaque
663 2292 800 2354 indomiti
816 2292 969 2356 Ciceronis
984 2294 1073 2356 verba
1088 2295 1229 2356 minetur.

463 2378 510 2441 bis
525 2378 656 2440 animum
672 2379 815 2459 succinge
830 2379 933 2443 bonis:
949 2380 992 2443 sic
1007 2380 1130 2442 flumine
1145 2380 1228 2459 largo

465 2465 573 2544 plenus
588 2464 686 2525 Pierio
702 2464 847 2528 defundes
862 2474 985 2545 pectore
999 2465 1109 2528 rerba.¹

352 2550 426 2613 dum
440 2549 523 2612 bunc
537 2549 708 2630 diligentius
722 2549 819 2623 audio,
836 2570 899 2612 non
915 2552 1014 2613 notavi
1029 2552 1101 2612 mihi
1118 2550 1227 2631 Ascylti
1245 2551 1345 2630 fugam
1409 2544 1432 2613 6

311 2644 342 2700 ct
354 2637 427 2700 dum
443 2635 474 2696 in
491 2635 548 2697 boc
563 2634 709 2697 dictorum
726 2644 809 2696 aestu
825 2636 855 2696 in
873 2637 966 2699 bortis
981 2637 1099 2712 incedo,
1114 2637 1222 2715 ingens
1236 2634 1390 2698 scholasti·

262 2733 290 2785 te
310 2740 414 2785 corum
438 2720 525 2783 turba
548 2720 579 2782 in
601 2721 750 2801 porticum
772 2721 862 2797 venit,
889 2733 923 2784 ut
943 2722 1113 2802 apparebat
1139 2722 1175 2783 ab
1198 2720 1390 2802 extemporali

313 2807 530 2871 declamatione
545 2807 648 2869 nescio
665 2806 759 2882 cuius,
776 2807 827 2887 qui
842 2808 1073 2887 Agamemnonis
1088 2807 1249 2870 suasoriam
1259 2824 1390 2887 ,excepe-

309 2902 364 2956 rat
397 2893 468 2955 dum
484 2910 556 2973 ergo
572 2893 695 2955 iuvenes
711 2893 875 2955 sententias
889 2895 989 2957 rident
1004 2894 1200 2973 ordinemque
1219 2892 1310 2955 totius
1331 2893 1392 2954 dio·
1416 2903 1430 2952 2

310 2979 403 3042 tionis
418 2978 574 3053 infamant,
591 2986 762 3059 opportune
778 2979 906 3041 subduxi
921 2999 970 3043 me
985 2992 1016 3043 et
1034 2980 1146 3042 cursim
1161 2979 1299 3060 Ascylton
1322 2996 1391 3059 per-

310 3064 397 3145 sequi
413 3064 510 3144 coepi.
540 3064 592 3125 sed
609 3083 666 3126 nec
680 3065 756 3127 viam
778 3065 935 3145 diligenter
956 3065 1096 3128 tenebam
1117 3060 1211 3151 [quia]
1234 3084 1291 3126 neo
1313 3065 1391 3144 quod
1413 3075 1428 3124 3

262 3161 291 3212 to
310 3149 463 3213 stabulum
486 3157 563 3211 esset
584 3150 723 3212 sciebam.
769 3151 868 3230 itaque
891 3170 1072 3231 quocunque
1094 3151 1195 3225 ieram,
1218 3150 1323 3213 eodem
1345 3168 1391 3212 re·
1414 3160 1429 3210 1

313 3235 461 3311 vertebar,
481 3235 579 3297 donec
594 3244 624 3296 et
638 3254 728 3297 eursu
744 3236 881 3316 fatigatus
897 3247 926 3299 et
940 3238 1050 3300 sudore
1064 3239 1123 3298 iam
1139 3237 1261 3299 madens
1283 3236 1392 3297 accedo

313 3321 462 3384 aniculam
479 3320 639 3400 quandam,
662 3340 737 3401 quae
758 3331 874 3401 agreste
895 3322 981 3385 bolus
1003 3322 1158 3397 vendebat,
1181 3331 1211 3384 et
1231 3322 1325 3403 ‘rogo’
1345 3322 1391 3382 in·
1415 3317 1433 3386 7

314 3426 406 3487 quarn
429 3412 543 3487 mater,
566 3408 712 3487 numquid
728 3408 786 3469 scis
800 3408 851 3470 ubi
868 3426 923 3488 ego
938 3407 1098 3471 habitem‘l'
1127 3408 1269 3472 delectata
1285 3407 1393 3471 ostilia

315 3492 485 3556 urbanitate
502 3500 559 3554 tam
575 3493 663 3555 stulta
683 3503 712 3555 et
728 3494 842 3572 ‘quidni
864 3492 987 3556 sciami’
1016 3494 1124 3574 inquit,
1146 3494 1392 3573 consurrexitque

263 3591 294 3642 nt
316 3587 347 3641 et
361 3578 463 3660 eoepit
478 3596 525 3640 me
541 3579 730 3658 praecedere.
761 3579 890 3641 divinam
905 3599 960 3659 ego
978 3582 1116 3661 putabam
1134 3588 1163 3641 et
1416 3590 1430 3638 2

403 3664 531 3727 subinde
547 3673 579 3725 ut
595 3665 624 3725 io
642 3664 741 3725 locum
762 3666 954 3728 secretiorem
970 3667 1115 3742 venimus,
1137 3674 1297 3728 centonem
1319 3682 1394 3725 anus

316 3751 432 3813 urbana
447 3749 550 3811 reiecit
565 3753 594 3811 et
610 3749 676 3811 ‘hic’
691 3750 789 3830 inquit
804 3750 905 3814 ‘debes
918 3751 1071 3814 habitare’.
1098 3770 1166 3815 cum
1182 3770 1237 3833 ego
1253 3767 1393 3830 negarem
1415 3762 1431 3810 3

317 3854 366 3898 me
387 3853 552 3916 agnoscere
573 3836 704 3911 domum,
730 3836 814 3898 video
841 3837 985 3918 quosdam
1011 3840 1091 3900 inter
1113 3838 1215 3901 titulos
1241 3836 1395 3915 nudasque

407 4077 420 4128 1
440 4078 509 4125 amat
520 4072 530 4141 ΙΙ
544 4076 559 4127 3
578 4073 675 4141 polleat
688 4072 698 4140 ΙΙ
712 4075 726 4124 'l
745 4088 820 4125 scena
834 4072 844 4141 ΙΙ
858 4073 1001 4126 Sbistriooi
1010 4073 1128 4127 addictus
1141 4074 1151 4142 Ι
1165 4075 1194 4127 11
1210 4071 1378 4138 Sirennmque
1387 4070 1397 4141 ll

320 4146 351 4196 16
371 4146 472 4195 mutent
489 4143 604 4194 Hadriaca
615 4141 625 4211 ll
642 4145 671 4193 11
689 4155 791 4193 versum
809 4142 957 4210 Heinsius!
971 4146 1003 4198 18
1021 4144 1130 4196 fraterna
1149 4147 1175 4191 et
1196 4143 1225 4194 19
1236 4140 1301 4193 dona
1315 4144 1396 4207 temp·

319 4215 377 4264 tavi
388 4211 399 4279 fl
412 4212 445 4264 10
464 4211 592 4264 minentur
604 4211 614 4277 ΙΙ
627 4212 661 4263 14
679 4210 728 4263 boc
740 4215 813 4264 aestu
825 4226 910 4264 rerum
922 4216 1008 4265 motus
1019 4212 1112 4266 incedo
1121 4210 1264 4263 emonis
1276 4208 1287 4276 ΙΙ
1300 4210 1333 4262 19
1345 4224 1397 4276 quo
1461 4229 1464 4238 ·

318 4280 464 4333 stabulum:
483 4283 609 4332 narratio
628 4283 767 4346 amputata
