3417 4934
665 471 808 534 Pelliee

300 666 375 728 quae
389 648 531 711 libamine
546 652 697 714 mentulae
712 672 832 717 comeso

298 741 359 795 tota
374 742 463 796 nocte
477 734 551 797 mihi
566 736 631 798 litat
645 739 782 818 rigendo.

299 828 328 880 at
341 837 393 881 voe
407 820 535 901 amplius
549 821 608 883 hoe
623 822 691 885 loeo
707 832 806 886 cavete

299 904 456 984 quiequam
472 924 596 985 ponere,
614 927 654 968 ne
669 909 875 980 famelicorum

298 990 334 1051 ad
348 1008 397 1052 me
411 989 501 1052 turba
516 991 586 1053 velit
603 1011 712 1055 eanum
727 996 839 1071 venire,

299 1094 338 1136 ne
351 1074 423 1137 dum
438 1094 486 1137 me
501 1076 598 1138 colitis
613 1096 776 1159 meumque
792 1098 914 1165 numen,

298 1161 436 1223 custodes
450 1160 584 1223 babeatis
599 1162 771 1227 irrumatoe.

690 1316 782 1379 Lxxl

299 1432 328 1493 Si
344 1432 501 1496 commissa
516 1453 602 1497 meae
618 1454 726 1515 carpes
741 1437 874 1517 pomaria
889 1455 991 1512 curae,

340 1518 436 1579 dulcia
451 1518 524 1598 quid
538 1520 655 1582 doleam
670 1522 808 1601 perdere,
823 1523 929 1585 doetus
945 1525 1015 1587 eris.

297 1771 432 1835 Tutelam
446 1774 585 1854 pomarii,
601 1673 863 1858 diligelnbi‘lrliapu
878 1777 984 1840 facito:

298 1858 446 1920 rubricato
461 1859 580 1921 furibus
595 1861 713 1923 minare
727 1863 865 1925 mutinio.

298 2028 383 2101 Quod
398 2046 532 2104 moneor,
549 2049 612 2091 non
629 2040 686 2105 est,
701 2033 771 2113 quia
786 2032 811 2095 si
824 2031 975 2096 furaberis
990 2036 1053 2116 ipse

339 2115 461 2196 grandia
476 2115 562 2189 mala,
579 2115 636 2177 tibi
653 2116 792 2179 bracebia
807 2135 905 2180 maora
923 2117 1010 2182 dabo.

675 2254 794 2332 Lxxm

297 2387 432 2468 Dbliquis
448 2387 518 2467 quid
533 2406 594 2461 me,
610 2388 757 2468 pubicae,
772 2391 914 2470 spectatio
929 2390 1055 2454 ocellis?

338 2492 401 2535 non
416 2482 474 2535 stat
488 2474 519 2535 in
536 2472 714 2553 inguinibus
729 2475 862 2536 mentula
877 2484 960 2536 tenta
975 2478 1059 2539 meis.

296 2577 372 2639 quae
386 2568 486 2620 umen
503 2559 648 2621 exanimis
665 2578 750 2621 nune
764 2571 809 2622 est
824 2571 855 2622 et
869 2560 976 2623 inutile
990 2562 1116 2643 lignum,

339 2644 418 2706 utilis
432 2643 516 2718 haee,
531 2661 611 2704 aram
628 2644 655 2706 si
670 2645 821 2722 dederitis,
837 2646 903 2708 erin

668 2796 802 2860 LXXllll

294 2916 353 2978 Per
366 2915 481 2978 medios
495 2914 682 2996 ibiapuoros
697 2916 868 2998 mediasque
883 2916 999 2998 puellae

337 3001 478 3076 mentula,
492 2999 625 3064 barbatio
643 3021 706 3064 non
723 3003 781 3065 nisi
795 3021 911 3065 summa
927 3010 1019 3084 petet.

683 3153 786 3217 LXXV

293 3272 419 3334 Dodone
433 3272 496 3343 libi,
513 3272 659 3353 luppiter,
675 3282 790 3335 saerata
805 3285 860 3355 est,

294 3358 404 3419 lunoni
419 3358 525 3421 Samos
541 3368 571 3419 et
586 3358 712 3439 Mycena
728 3358 806 3433 ditio,

292 3443 391 3504 undae
406 3442 558 3506 Taenaros
573 3445 774 3523 aequorisque
789 3446 869 3525 regi3

292 3527 390 3591 Pallas
404 3528 564 3610 Cecropias
578 3536 682 3591 tuetur
696 3547 789 3602 areos,

292 3613 424 3694 Delphos
438 3614 573 3694 Pythius,
589 3613 672 3676 orbis
688 3613 871 3690 umbilicum,

292 3696 401 3761 Creten
417 3699 500 3760 Deba
515 3698 718 3779 Cynthiosque
734 3699 835 3773 eolles,

291 3782 415 3847 Faunus
429 3784 587 3846 blaenalon
604 3785 813 3865 Arcadumque
827 3785 930 3861 silvas;

290 3869 384 3931 tutela
399 3870 522 3932 Rhodos
537 3880 582 3932 est
597 3870 682 3932 beata
698 3870 786 3944 Solis,

243 4007 489 4120 —ffiDbigando
502 4053 704 4118 Wakefieldim.
714 4070 780 4107 num
791 4052 898 4121 ligendo
908 4070 959 4121 pro
971 4052 1113 4119 lingendo?
1124 4052 1162 4115 of.
1172 4053 1273 4121 lingula

243 4122 267 4175 la
280 4122 292 4191 Ι
303 4121 382 4175 lxxi
398 4123 415 4175 2
427 4121 471 4191 qui
483 4122 613 4175 Holmoe
624 4121 634 4192 ΙΙ
647 4121 736 4175 LXXII
745 4127 904 4190 praeposita
924 4124 1005 4175 uerbo
1016 4128 1136 4174 numeris
1146 4121 1238 4175 solata
1253 4122 1258 4188 Ι

243 4190 440 4313 infinffilam
453 4194 459 4254 1
474 4193 491 4245 3
507 4198 615 4246 moneat
636 4196 686 4243 aul
709 4206 829 4245 moneam
841 4192 852 4259 Ι
865 4189 963 4243 llllllll
983 4194 995 4243 1
1015 4191 1134 4258 patbieee
1151 4188 1213 4260 quid
1229 4205 1274 4245 me

243 4258 289 4322 »οΙ
372 4256 572 4330 ΗΙγωιιιο
588 4258 657 4314 elaea
