3417 4934
748 489 902 545 ruruouu

441 661 498 722 iam
515 660 629 723 decime
642 671 770 726 maestos
784 663 864 725 inter
878 663 1023 744 ancipites
1037 673 1135 727 metus

443 747 575 828 Phrygas
591 746 746 810 obsidebat
760 750 865 811 messis
880 758 910 811 et
924 750 998 812 vatis
1012 751 1085 812 fides

444 832 612 895 Calchantis
627 842 691 895 atro
707 834 796 897 dubia
812 834 962 916 pendebat
975 846 1068 911 mctu,

443 937 511 980 cum
528 918 610 980 llelio
626 919 764 999 profante
780 921 858 983 caesi
872 921 998 983 vertices

444 1002 510 1066 ldae
525 1005 686 1067 trabuntur
700 1005 850 1086 scissaque
866 1007 897 1069 in
913 1008 1022 1068 molem
1037 1006 1149 1068 cadunt

442 1089 562 1165 robora,
578 1090 723 1153 minacem
740 1110 815 1171 quae
831 1094 995 1172 figurarent
1010 1110 1130 1171 equum.

441 1176 575 1256 aperitur
588 1176 697 1255 ingens
712 1186 830 1239 antrum
846 1188 876 1239 ct
891 1177 1012 1240 obducti
1026 1195 1144 1258 specus,

443 1261 494 1342 qui
509 1270 604 1324 castra
620 1270 771 1340 caperent.
802 1264 861 1324 buc
876 1264 1004 1325 decenni
1019 1263 1134 1344 proelio

443 1348 515 1409 irata
529 1348 623 1409 virtus
637 1348 765 1424 abditur,
777 1349 890 1429 stipant
903 1367 1007 1430 graves

443 1433 535 1495 bauai
550 1450 696 1507 recessus,
710 1434 741 1495 in
757 1452 811 1496 suo
827 1443 896 1496 voto
912 1436 1014 1497 latent.

443 1538 462 1580 o
477 1519 580 1599 patria,
596 1520 698 1599 pulsas
712 1519 792 1581 mille
807 1520 987 1582 credidimus
1002 1528 1081 1581 rates

443 1603 600 1685 solumque
614 1604 692 1667 bello
708 1603 850 1667 liberum:
870 1607 928 1667 hoc
944 1606 1046 1668 titulus
1062 1605 1124 1666 lcro

442 1689 564 1765 incisus,
580 1689 639 1752 hoc
654 1691 689 1752 ad
705 1691 783 1752 furta
798 1694 982 1773 compositus
997 1690 1092 1753 Sinon

443 1774 578 1836 firmabat
593 1785 624 1836 et
638 1794 724 1838 mens
740 1794 859 1857 semper
873 1777 904 1837 in
922 1777 1065 1838 damnum
1079 1783 1198 1856 potens.

488 1861 544 1922 iam
560 1859 647 1924 turba
662 1863 757 1943 portis
772 1862 865 1925 libera
881 1882 915 1924 ac
931 1861 1008 1924 bello
1025 1879 1131 1923 carens

445 1946 475 2007 in
491 1955 557 2008 vota
572 1956 723 2027 properat.
753 1947 871 2010 lletibus
887 1956 1009 2009 manant
1024 1965 1119 2026 genae

444 2033 612 2111 mentisque
627 2033 749 2113 pavidae
763 2034 904 2114 gaudium
918 2033 1053 2095 lacrimas
1067 2032 1166 2094 babet.

444 2135 517 2197 quas
531 2126 628 2180 metus
644 2117 753 2199 abegit.
784 2137 914 2198 namque
929 2120 1069 2199 Neptuno
1084 2136 1168 2180 sacer

444 2204 557 2265 crinem
572 2204 687 2266 solutus
703 2223 792 2266 omne
807 2204 947 2266 Laocoon
964 2204 1060 2284 replet

442 2289 570 2351 clamore
585 2289 699 2369 vulgus.
730 2309 797 2351 mox
812 2291 934 2352 reducta
949 2289 1072 2370 cuspide

443 2383 561 2437 uterum
578 2375 698 2451 notavit,
713 2376 770 2437 lata
786 2378 837 2437 sed
853 2377 972 2438 tardant
987 2393 1103 2448 manus,

444 2460 580 2540 ictusque
595 2462 690 2524 resilit
705 2471 735 2524 et
750 2461 825 2523 dolis
841 2462 922 2524 addit
936 2462 1034 2523 fldem.

444 2547 552 2608 iterum
568 2556 666 2609 tumen
683 2550 842 2609 confirmat
857 2546 1013 2609 invalidam
1029 2562 1149 2606 manum

443 2633 560 2712 altaque
575 2632 700 2714 bipenni
715 2634 807 2695 latera
822 2641 1013 2714 pertemptat.
1043 2630 1144 2692 fremit

371 2728 400 2777 25
443 2719 557 2799 captiva
571 2720 667 2800 pubes
682 2719 773 2795 intus,
790 2729 819 2780 et
833 2720 903 2781 dum
920 2725 1096 2790 murmurat,

442 2803 570 2866 roborea
584 2805 678 2866 moles
693 2806 786 2884 spirat
799 2804 897 2866 alieno
912 2812 1003 2865 metu.

444 2887 505 2950 ibat
519 2889 658 2950 iuventus
673 2897 767 2969 capta,
783 2889 853 2951 durn
869 2890 988 2950 Troiam
1004 2888 1092 2969 capit,

445 2972 617 3054 bellumque
631 2983 727 3036 totum
743 2974 846 3036 fraude
862 2975 989 3036 ducebat
1005 2992 1089 3038 nova.

488 3077 558 3121 ecce
574 3059 628 3122 alia
644 3069 794 3123 monstras
815 3060 892 3122 celsa
908 3078 967 3139 qua
981 3058 1118 3121 Tenedos
1134 3076 1215 3119 mare

370 3152 400 3202 so
443 3143 531 3207 dorso
547 3146 681 3226 replevit,
696 3145 807 3208 tumida
824 3153 1011 3225 consurgunt
1026 3145 1100 3206 freta
1120 3214 1122 3217 Α

444 3231 584 3311 undaque
600 3232 723 3294 resultat
737 3232 827 3294 scissa
843 3229 1006 3311 tranquillo
1022 3230 1130 3304 minor,

443 3315 538 3396 qualis
553 3317 652 3379 silenti
667 3326 756 3379 nocte
771 3334 923 3379 remorum
938 3334 1031 3379 sonus

443 3402 533 3483 longe
549 3403 689 3479 rclertur,
705 3422 772 3466 curn
788 3411 932 3484 premunt
946 3402 1054 3465 classes
1068 3419 1149 3463 mare

443 3488 622 3569 pulsumque
638 3508 768 3551 marmor
783 3488 879 3551 abiete
895 3488 1033 3569 imposita
1049 3488 1149 3566 gemit.

371 3581 401 3631 35
443 3575 634 3654 respicimus:
653 3593 766 3655 angues
781 3575 905 3637 orbibus
919 3574 1045 3655 geminis
1060 3573 1162 3634 lerunt

444 3661 479 3720 ad
495 3678 564 3721 saxa
579 3661 698 3740 fluctus,
713 3661 823 3723 tumida
840 3679 968 3741 quorum
984 3670 1106 3740 pectora

445 3752 523 3807 rates
537 3755 571 3808 ut
585 3747 659 3808 altae
675 3745 816 3809 lateribus
831 3765 953 3827 spumas
967 3754 1068 3825 agunt.

443 3830 493 3892 dat
507 3832 600 3893 cauda
615 3832 755 3908 sonitum,
771 3833 882 3895 liberae
897 3842 992 3913 ponto
1006 3829 1092 3892 iubae

376 3997 543 4067 dflgurabant
556 4000 566 4067 Ι
579 4002 703 4053 lconicci
712 4009 815 4069 paretur
827 4002 836 4066 ΙΙ
850 4005 866 4054 9
877 4000 974 4052 firmsts
982 4001 1127 4064 Iacobsius,
1137 3996 1331 4051 durstsburnsc

291 4067 365 4135 nus!
379 4071 409 4121 10
428 4083 544 4121 recessus
557 4068 636 4120 Donni
649 4069 713 4121 et'in
726 4075 788 4121 voto
803 4069 836 4122 0:
858 4068 987 4136 reguis-all
1003 4072 1033 4121 13
1043 4067 1116 4135 fatal
1132 4069 1164 4122 tt
1182 4079 1256 4117 meus
1265 4080 1331 4132 scm}

290 4137 549 4189 Autissiodorensis:
566 4136 723 4189 mendatium
736 4153 837 4206 semper
850 4139 988 4190 Parisinus
999 4138 1064 4189 6842
1077 4137 1111 4199 D,
1124 4134 1285 4187 menducium
1303 4153 1331 4186 rs

291 4203 359 4272 quil
374 4207 406 4259 16
424 4205 583 4275 properanti}
597 4208 630 4259 tt
643 4207 761 4273 letusque
773 4207 839 4259 iibri
848 4204 908 4268 sors
920 4206 1030 4271 omnesll
1044 4208 1075 4258 tt
1089 4210 1115 4256 at
1127 4204 1274 4269 repostis
1285 4204 1331 4256 coi

292 4277 336 4323 cat
346 4274 466 4343 labaim,
475 4280 537 4343 post
545 4278 631 4342 luogo
640 4274 649 4343 ll
658 4277 688 4329 31
703 4275 841 4343 tranquillo
847 4275 910 4327 muri
919 4273 1039 4343 Tolliusl
1047 4276 1080 4328 88
1086 4279 1190 4340 pontem
1201 4276 1251 4322 aot
1260 4279 1331 4340 pontt
