3417 4934
362 456 424 517 108
823 452 977 510 Ptuuouu

309 639 338 692 tt
445 625 565 692 ‘omnia’
586 629 709 708 inquam
732 627 798 690 ‘ista
812 646 882 690 vera
897 637 984 703 sunt;
1008 646 1064 689 nec
1078 627 1131 689 ulli
1146 626 1229 688 enim
1245 625 1371 688 celerius
1383 625 1456 687 bol

359 716 455 779 mines
477 715 610 777 incidere
632 713 744 777 debent
765 714 795 775 in
819 714 924 775 malam
947 715 1108 786 somonam,
1131 731 1221 792 quam
1244 713 1301 792 quii.
1311 710 1430 773 alienun

359 801 587 881 concupiscunt
616 800 696 862 unde
717 799 799 879 plani
821 808 930 872 autem,
953 799 1033 861 unde
1051 798 1197 860 levatores
1218 798 1363 873 viverent,
1382 796 1430 858 nisi

359 894 410 950 aut
425 885 548 948 locellos
562 894 614 947 aut
627 894 771 949 sonantes
785 902 854 946 aere
869 884 994 947 sacellos
1008 902 1064 965 pro
1080 883 1174 945 hamis
1190 884 1222 946 in
1238 883 1358 946 turbam
1371 884 1429 943 mit-

358 968 480 1034 terent?
501 971 579 1033 sicut
600 979 682 1033 muta
704 969 843 1031 animalia
866 968 934 1031 cibo
956 970 1140 1045 inescantur,
1162 969 1206 1032 sic
1220 970 1362 1032 homines
1375 976 1452 1029 nont

358 1065 540 1138 caperentur
554 1056 612 1119 uisi
628 1056 693 1137 spei
708 1055 817 1136 aliquid
833 1051 1016 1117 morderent'

889 1160 907 1199 a

290 1219 352 1289 141
444 1232 491 1290 ‘ex
506 1226 606 1289 africa
623 1225 715 1300 navis,
730 1233 764 1287 ut
778 1226 969 1305 promiseras,
991 1242 1059 1286 cum
1075 1225 1203 1305 pecunia
1221 1233 1274 1287 tua
1289 1235 1321 1289 et
1333 1225 1430 1289 familia
1462 1281 1467 1296 ,

359 1331 420 1375 non
444 1314 535 1375 venit
567 1318 735 1392 captatores
754 1311 811 1372 iam
833 1311 966 1373 exhausti
987 1310 1193 1373 liberalitatem
1213 1311 1430 1375 imminuerant

357 1399 458 1479 itaque
480 1406 532 1461 aut
546 1398 642 1473 fallor,
658 1405 710 1458 aut
723 1397 845 1458 fortuna
861 1395 1030 1459 communis
1050 1396 1151 1477 coepit
1170 1397 1270 1459 redire
1285 1397 1321 1459 ad
1336 1396 1430 1479 paerd-

357 1484 480 1547 tcutiam
495 1480 587 1546 tuam'
1444 1484 1476 1569 ¹⁸¹

889 1586 906 1624 a
1475 1586 1476 1627 1

319 1658 334 1710 2
442 1651 568 1725 ‘omnes
584 1651 681 1732 quiin
698 1658 877 1714 testamento
889 1669 955 1712 meo
966 1651 1063 1731 legata
1077 1650 1200 1727 habent,
1215 1660 1339 1733 praeter
1351 1652 1432 1717 liber·

356 1748 404 1801 tos
419 1756 503 1800 meos
516 1738 573 1799 hac
588 1736 767 1799 condicione
782 1737 962 1819 percipient,
979 1754 1055 1815 quae
1070 1736 1148 1812 dedi,
1172 1737 1198 1799 si
1214 1755 1328 1819 corpus
1341 1753 1432 1801 meunt

356 1823 387 1885 11
402 1834 505 1905 partes
519 1822 708 1884 conciderint
723 1830 754 1884 et
768 1831 882 1887 astante
898 1822 1010 1904 populo
1026 1819 1222 1885 comederint’

888 1948 905 1981 3

318 2002 333 2051 a
440 1992 528 2073 ‘apud
544 1993 686 2072 quasdam
701 1992 1279 2072 1111111111111111111111111111,
1295 2002 1358 2055 uta
1369 2009 1433 2073 pro·

357 2076 479 2157 pinquis
493 2077 556 2140 suis
570 2087 789 2141 consumantur
804 2077 946 2151 defuncti,
963 2078 1036 2141 adeo
1049 2076 1180 2158 quidem,
1195 2086 1230 2139 ut
1241 2077 1435 2157 obiurgentur
1449 2079 1470 2132 tt

319 2173 334 2222 1
356 2162 436 2243 aegri
451 2164 638 2243 frequenter,
654 2162 734 2244 quod
750 2181 872 2226 carnem
887 2181 972 2225 suam
983 2163 1094 2225 iaciant
1105 2163 1250 2243 peiorem.
1275 2163 1324 2227 bie
1337 2164 1435 2226 admo·

358 2267 415 2311 neo
437 2249 548 2311 amicos
569 2267 663 2325 meos,
686 2266 725 2310 ne
747 2256 889 2312 recusent
910 2265 986 2327 quae
1009 2248 1110 2324 iubeo,
1131 2247 1183 2311 sed
1199 2247 1312 2327 quibus
1333 2247 1435 2311 anim?

356 2332 529 2396 devoverint
543 2334 681 2415 spiritum
696 2352 807 2410 meum,
822 2334 933 2397 eisdem
950 2334 1038 2396 ctiam
1053 2351 1165 2414 corpus
1179 2332 1372 2397 consumant'

895 2440 912 2478 2

319 2512 334 2561 t
442 2503 617 2567 excaecabat
639 2506 786 2585 pecuniae
808 2506 918 2587 ingens
939 2505 1015 2567 lama
1038 2504 1142 2566 oculos
1157 2504 1336 2586 animosque
1350 2507 1436 2568 mise·

357 2606 471 2652 rorum.
1451 2606 1474 2657 at

442 2674 566 2756 Gorgias
580 2685 702 2757 paratus
717 2684 780 2738 erat
794 2675 917 2755 exsequi

890 2782 907 2821 t

318 2854 334 2902 6
441 2846 487 2907 ‘de
502 2845 647 2908 stomachi
662 2846 706 2906 tui
722 2847 910 2907 recusatione
926 2864 987 2908 uon
1004 2845 1099 2907 babeo
1122 2844 1202 2924 quod
1221 2844 1354 2907 timeam.
1391 2863 1436 2908 ee·

356 2939 465 3010 quetur
479 2931 648 3011 imperium,
664 2930 689 2991 si
703 2930 877 3010 promiseris
891 2931 933 2992 illi
948 2948 1004 3010 pro
1019 2931 1110 2993 unius
1124 2930 1214 2991 borae
1226 2930 1345 2992 fastidio
1360 2931 1436 2993 mul·

317 3024 331 3071 1
354 3025 453 3077 torum
468 3014 619 3077 bonorum
633 3014 851 3096 pensationem.
877 3016 961 3097 operi
976 3015 1066 3078 modo
1078 3016 1183 3078 oculos
1193 3024 1223 3077 et
1236 3015 1319 3095 finge
1329 3024 1360 3077 te
1376 3032 1437 3079 non

318 3106 334 3157 8
355 3100 485 3162 humana
507 3100 619 3163 viscera
641 3099 694 3161 sed
716 3098 832 3162 centies
854 3103 1023 3163 sestertium
1052 3118 1195 3164 comesse.
1231 3100 1347 3164 accedit
1369 3102 1476 3177 buon

357 3184 437 3265 quod
452 3185 550 3265 aliqua
565 3184 753 3248 inveniemus
766 3184 979 3262 blandimenta,
995 3185 1104 3268 quibus
1123 3203 1261 3267 saporem
1276 3194 1435 3250 mutemus

357 3288 456 3350 neque
472 3270 553 3332 enim
567 3270 628 3334 ulla
642 3288 712 3333 caro
726 3288 782 3351 per
795 3289 829 3333 se
842 3271 956 3351 placet,
976 3272 1030 3335 sed
1044 3280 1108 3334 arte
1124 3272 1250 3352 quadam
1265 3273 1438 3354 corrumpi·

318 3362 334 3413 t
355 3366 406 3418 tur
427 3364 459 3418 et
479 3357 633 3419 stomacho
655 3355 833 3419 conciliatur
854 3374 966 3419 averso.
1010 3358 1090 3437 quod
1111 3358 1137 3420 si
1157 3358 1300 3437 exemplis
1315 3375 1436 3439 quoque

355 3441 399 3503 vis
414 3440 536 3522 probari
552 3441 720 3517 consilium,
736 3442 895 3522 Saguntini
907 3444 1043 3525 oppressi
1058 3442 1096 3504 ab
1108 3441 1276 3506 Hannibale
1292 3443 1436 3507 humanas

306 3532 335 3584 10
356 3526 445 3589 edere
463 3544 586 3607 carnes,
610 3546 667 3590 uec
688 3526 882 3589 hereditatem
910 3528 1116 3609 expectabant.
1146 3527 1273 3592 Petelini
1287 3528 1368 3591 idem
1392 3532 1477 3593 lect

357 3621 465 3674 cerunt
486 3611 518 3674 in
541 3612 643 3674 ultima
665 3614 753 3688 lame,
776 3630 834 3674 nec
856 3614 1015 3694 quicquam
1037 3613 1118 3676 aliud
1138 3614 1171 3675 in
1192 3613 1250 3675 bac
1264 3614 1435 3695 epulatione

306 3706 334 3759 11
356 3696 530 3779 captabant,
559 3696 616 3759 nisi
638 3706 754 3760 tantum
776 3715 817 3760 ue
838 3699 997 3763 1111111111.
1040 3716 1109 3761 cum
1136 3707 1215 3762 esset
1236 3699 1436 3765 Numantiae

357 3783 498 3864 Scipione
519 3790 615 3863 capta,
636 3783 774 3844 inrenne
795 3793 867 3846 sunt
889 3792 1007 3860 matres,
1028 3803 1105 3865 quae
1126 3784 1290 3847 liberorum
1311 3802 1436 3849 suorum

356 3880 496 3934 tenerent
508 3887 622 3933 semesa
636 3868 667 3931 11
683 3868 751 3931 sinu
766 3868 903 3949 corpora’

889 3976 906 4015 t

443 4091 458 4142 3
477 4089 609 4141 lavatores
624 4086 777 4141 Pamdoom
789 4087 853 4139 lior.
867 4089 1027 4155 11111160
1047 4090 1056 4155 ll
1079 4090 1111 4144 10
1130 4103 1202 4142 eoam
1227 4088 1237 4156 l
1259 4091 1292 4143 18
1309 4089 1437 4145 devorant

357 4158 496 4210 Iocabatur
510 4156 515 4225 Ι
530 4157 620 4221 etiam]
638 4168 715 4209 omne
733 4154 928 4221 nazaraeum
947 4157 957 4226 l
983 4160 1012 4212 19
1031 4157 1112 4209 tames
1129 4157 1260 4209 Bacchius
1281 4160 1292 4226 Ι
1311 4160 1346 4212 tt
1365 4173 1437 4213 acce

358 4224 423 4295 detp
437 4227 469 4280 tt
488 4227 529 4279 vie
546 4239 650 4295 quoqne
663 4224 672 4292 l
686 4226 719 4278 29
737 4224 839 4277 cbaeecl
856 4222 1071 4293 littterahoea‘uel
1085 4227 1118 4280 to
1135 4225 1237 4279 Petaaii
