3417 4934
717 360 868 421 diunius

715 539 864 602 xxxxlss

350 642 432 704 Velle
447 641 518 721 quid
533 641 612 703 hanc
626 642 717 717 dicos,
733 643 867 723 quamvis
881 643 936 705 sirn
952 642 1081 722 ligneus,
1096 642 1220 719 hulam,

395 727 496 789 oscula
511 726 561 788 dut
575 726 674 788 medio
689 728 715 789 si
730 738 789 808 qua
802 728 900 809 puello
915 724 1010 789 milri?

352 829 467 892 augure
482 830 545 874 non
562 829 639 892 opus
653 821 711 875 est:
729 812 771 874 ‘in
787 810 844 883 rne'
860 813 931 875 milri
946 812 1069 887 credite,
1085 813 1160 875 dixit

395 904 508 959 ‘utetur
523 897 600 959 voris
614 897 728 960 viribus
744 900 826 961 hasta
840 897 944 961 rudis’.

709 1037 870 1114 xixxllll

351 1150 449 1214 doliu
464 1152 576 1225 omnia,
591 1170 668 1232 quoe
682 1152 802 1233 loquor,
816 1162 923 1234 putore

351 1255 407 1318 per
420 1237 519 1300 lusuni
535 1237 609 1300 mihi
623 1255 680 1319 pcr
693 1238 853 1318 iocumque
868 1239 936 1302 dici.

351 1323 515 1403 deprensos
530 1342 587 1403 ego
601 1330 648 1384 lor
663 1331 828 1404 quaterque
842 1324 924 1387 iures

352 1426 467 1483 omnes,
484 1426 523 1471 oe
538 1407 690 1481 dubitetis,
706 1408 868 1472 irrumobo.

724 1559 856 1625 XXXXV

352 1662 427 1725 (lum
442 1663 592 1743 quendam
607 1663 722 1743 rigidus
736 1663 811 1726 deus
825 1664 937 1725 videret

351 1748 478 1810 lementi
493 1756 584 1827 caput
599 1748 730 1811 ustulare
745 1749 836 1823 ferro,

352 1842 387 1899 ut
400 1832 522 1895 llauroe
533 1833 639 1896 similis
653 1834 730 1896 foret
743 1834 871 1916 puellae,

331 1913 445 1986 ,leus'
459 1918 558 1998 inquit
573 1918 637 1981 ‘nihi
652 1919 788 1994 dicimus,
804 1919 938 1992 cinaede,

352 2021 423 2066 urus
438 2014 468 2065 le
482 2004 554 2066 licet
568 2022 664 2084 usque
679 2014 891 2086 torqueesquen

353 2108 427 2151 num
442 2088 564 2152 tandem
579 2089 664 2170 prior
678 2090 833 2170 espinolio,
850 2108 970 2170 quaeso,

353 2192 443 2255 quom
456 2185 538 2248 sunt,
554 2175 686 2237 mentula
701 2193 779 2255 quos
794 2174 891 2251 habet,
906 2174 1035 2257 copilli‘l’
1138 2250 1141 2255 ⁴

719 2325 864 2390 xxxxvl

355 2429 380 2492 0
398 2448 460 2493 non
477 2428 633 2492 candidior
647 2429 748 2510 puella
762 2428 879 2504 Mauro,

354 2515 407 2578 scd
421 2512 591 2578 morbosior
605 2513 746 2578 omnibus
760 2514 901 2591 cinaedis,

354 2601 502 2683 Pygmaeo
518 2600 638 2663 brevior
652 2617 757 2679 mem
772 2600 907 2674 timente,

355 2688 434 2750 ursis
449 2686 584 2767 asperior
598 2685 792 2766 pilosiorque‚

353 2771 448 2834 lledis
462 2771 557 2834 laxior
571 2770 717 2833 ludicisve
731 2770 838 2845 bracis,

354 2876 457 2920 munes
472 2857 521 2917 hic
535 2855 605 2918 licet
620 2863 654 2916 ut
668 2855 796 2917 libenter
811 2856 880 2918 ires.
924 2909 928 2915 .

355 2960 424 3005 nam
441 2941 575 3021 quumvis
589 2940 690 3003 ridear
704 2941 776 3003 sotis
790 2950 920 3021 paratus,

355 3045 513 3091 erucarum
528 3042 605 3106 opus
620 3033 665 3087 cst
678 3025 783 3088 decern
798 3026 946 3108 maniplis,

357 3113 451 3176 fossas
466 3110 599 3192 inguinis
613 3119 648 3172 ut
662 3118 755 3172 terum
770 3110 930 3192 dolemque

357 3198 452 3261 cunni
466 3196 644 3260 vermiculos
659 3196 875 3259 scaturrientis.

714 3331 872 3395 xxxxvu

356 3436 538 3517 Quicunque
552 3445 694 3508 vostrum,
711 3434 761 3514 qui
777 3435 883 3498 venitis
898 3436 934 3496 ad
949 3453 1066 3519 cenam,

356 3521 449 3585 libare
466 3521 564 3584 nullos
579 3521 707 3584 sustinet
720 3518 794 3581 mihi
808 3538 923 3596 versus,

357 3607 436 3670 illius
451 3625 527 3669 uxor
541 3618 593 3668 nul
607 3606 701 3668 arnico
716 3605 837 3667 rivalem

355 3693 535 3756 lasciviendo
551 3690 735 3773 languidum,
751 3709 869 3772 precor,
884 3689 997 3764 reddat,

298 3791 313 3840 5
356 3778 465 3859 etipse
480 3778 570 3858 longa
585 3782 675 3839 nocte
690 3776 818 3839 dormiat
828 3777 911 3839 solus

356 3863 524 3926 libidinosis
539 3862 679 3925 iacintus
694 3861 801 3924 erucis.

254 3968 462 3979 μισ-ο--ιι-ι

342 4010 467 4068 mxlii
477 4017 541 4081 pori
555 4011 692 4067 xxxxuu
706 4012 822 4080 ponitur
839 4013 919 4079 uolgo
934 4012 939 4082 Ι
956 4016 967 4066 l
988 4013 1029 4066 sic
1045 4012 1134 4081 ligneo

257 4080 401 4205 παίων
418 4078 510 4167 usibus
522 4082 534 4150 Ι
544 4079 674 4135 xxxxv!
692 4080 815 4165 ilndlcls
833 4080 934 4136 libralis
948 4082 954 4148 Ι
969 4081 1102 4135 emollun
1120 4094 1130 4133 ε

251 4151 340 4221 perire
371 4168 393 4206 s.
410 4150 522 4205 Vumru
539 4154 567 4201 ol
583 4165 634 4217 ogo
652 4154 841 4217 temperemur
