3417 4934
340 454 380 513 14
801 454 955 510 Purfloull

338 637 401 690 erat
416 635 523 709 operto
539 628 645 710 eapite,
660 629 708 691 illa
723 629 836 693 scilicet
851 648 927 710 quae
938 627 1027 711 paulo
1034 635 1108 709 ante
1120 647 1189 690 cum
1200 628 1313 691 rustico
1323 637 1416 693 stete·
1432 637 1463 698 fi

338 722 394 789 rat,
417 721 447 775 et
468 718 526 776 ‘me
549 714 697 777 derisisse’
719 715 818 795 inquit
840 721 901 779 ‘vos
922 711 1094 797 putabatis?
1138 733 1194 795 ego
1218 732 1285 777 sum
1311 716 1419 779 ancille

302 810 317 860 4
338 799 510 875 Quartillae,
532 800 617 863 ouius
639 820 691 864 vos
713 820 831 864 sacrum
846 811 916 864 ante
931 808 1064 882 cryptam
1079 798 1232 866 turbastis.
1269 818 1341 863 ecce
1356 801 1420 883 ipsa

339 885 419 947 venit
433 886 471 948 ad
484 886 634 949 stabulum
649 887 783 967 petitque
798 896 831 951 ut
845 887 1000 950 vobiscum
1016 885 1097 965 loqui
1112 886 1209 947 liceat.
1240 886 1333 949 nolite
1349 906 1420 970 per-

339 971 464 1033 turbari.
508 990 566 1035 neo
588 981 708 1035 accusat
722 991 856 1036 errorem
871 985 1003 1035 vestrum
1019 990 1076 1034 neo
1090 972 1188 1051 punit,
1211 972 1303 1034 immo
1317 974 1419 1055 potius
1439 987 1463 1040 5·

339 1058 473 1140 miratur,
496 1058 564 1137 quis
578 1058 652 1121 deus
667 1058 789 1122 iuvenes
804 1068 864 1121 tam
880 1059 1013 1122 urbanos
1031 1058 1062 1119 in
1084 1075 1168 1119 suam
1189 1057 1345 1139 regionem
1367 1059 1420 1121 de·

289 1138 329 1208 17
337 1142 458 1205 tulerit!
480 1143 648 1207 tacentibus
663 1144 759 1208 adbuc
771 1144 860 1208 nobis
872 1154 902 1208 et
913 1146 948 1208 ad
961 1152 1099 1207 neutram
1110 1152 1226 1224 partem
1237 1143 1421 1208 adsentatio-

339 1246 409 1290 nem
423 1228 612 1293 flectentibus
627 1230 747 1293 intravit
768 1232 842 1312 ipsa,
864 1250 923 1294 una
944 1231 1083 1293 comitata
1105 1229 1230 1309 virgine,
1250 1230 1422 1311 sedensque

301 1324 316 1375 1
338 1332 430 1396 super
451 1323 551 1378 torum
575 1334 675 1378 meum
697 1316 748 1379 diu
770 1317 860 1383 flevit.
897 1336 932 1379 ac
953 1336 993 1379 ne
1014 1326 1088 1378 tunc
1111 1314 1230 1394 quidem
1253 1334 1310 1379 nos
1324 1316 1421 1379 ullum

337 1399 499 1464 adiecimus
509 1400 644 1483 verbum,
659 1403 711 1465 sed
723 1402 840 1465 attoniti
852 1402 1073 1483 expectavimus
1083 1400 1219 1464 lacrimas
1233 1400 1270 1464 ad
1284 1410 1419 1465 ostenta·
1439 1414 1464 1467 tt

298 1497 313 1547 3
334 1485 448 1548 tionem
463 1485 574 1550 doloris
589 1496 716 1568 paratas.
751 1498 783 1551 ut
798 1508 870 1569 ergo
885 1498 946 1551 tam
961 1487 1136 1551 ambitiosus
1150 1488 1297 1551 detumuit
1310 1487 1420 1570 imber,

336 1572 444 1634 retexit
458 1572 622 1652 superbum
639 1573 728 1656 pallio
744 1583 834 1656 eaput
849 1585 879 1637 et
894 1574 1032 1637 manibus
1046 1573 1126 1635 inter
1141 1591 1173 1635 se
1188 1592 1283 1653 usque
1299 1574 1334 1635 ad
1347 1574 1420 1637 arti·

298 1668 313 1718 1
335 1657 471 1719 culorum
482 1660 639 1740 strepitum
655 1661 825 1723 constrictis
836 1656 993 1741 ‘quaenam
1006 1658 1060 1722 est'
1075 1658 1175 1739 inquit
1187 1659 1271 1722 ‘baec
1285 1659 1420 1738 audacia,

335 1752 386 1804 aut
399 1742 451 1805 ubi
467 1743 581 1807 fabulas
596 1745 684 1807 etiam
698 1754 889 1809 antecessura
903 1746 1059 1808 latrocinia
1074 1742 1240 1807 didicistis?
1268 1745 1417 1808 misereor

334 1827 536 1891 mediusfidius
556 1831 661 1906 vestri;
683 1850 782 1911 neque
804 1832 885 1894 enim
906 1833 1029 1912 impune
1055 1831 1211 1910 quisquam
1239 1831 1320 1911 quod
1347 1850 1412 1893 non
1437 1843 1464 1895 15

298 1926 313 1973 5
334 1913 426 1989 licuit,
442 1915 583 1995 adspexit.
620 1917 723 1997 utique
739 1926 841 1979 nostra
856 1918 940 1998 regio
962 1924 1023 1979 tem
1038 1916 1248 1997 praesentibus
1268 1916 1357 1997 plena
1373 1928 1420 1981 est

300 2011 315 2059 e
339 1999 522 2073 numinibus,
538 2011 572 2064 ut
586 2001 701 2065 facilius
716 2004 813 2083 possis
827 2004 915 2065 deum
933 2022 1021 2083 quam
1037 2002 1191 2064 hominem
1206 2002 1351 2065 invenire.
1386 2022 1422 2065 ac

339 2104 376 2147 ne
399 2104 446 2146 me
468 2088 579 2166 putetis
602 2087 727 2152 ultionis
749 2108 837 2152 eausa
859 2091 919 2152 hnc
941 2089 1067 2163 venisse,
1090 2096 1185 2149 aetate
1208 2088 1302 2169 magis
1322 2098 1422 2152 vestra

233 2185 234 2189 ’
339 2189 531 2234 commoveor
545 2191 634 2252 quam
649 2174 759 2235 iniuria
776 2194 850 2236 mea.
882 2175 1087 2255 imprudentes
1103 2174 1193 2248 enim,
1209 2183 1243 2236 ut
1256 2175 1354 2237 adbuc
1364 2194 1423 2257 pu·

299 2270 314 2318 t
337 2265 379 2332 to,
402 2257 560 2321 admisistis
582 2259 759 2339 inexpiabile
781 2260 888 2322 scelus.
917 2261 979 2342 ipsa
996 2258 1116 2340 quidem
1138 2259 1186 2321 illa
1209 2269 1299 2323 nocte
1313 2270 1417 2324 vexata
1437 2272 1464 2323 ut

338 2351 397 2405 tam
413 2344 584 2424 periculoso
599 2344 736 2406 inhorrui
753 2346 876 2425 frigore,
898 2355 933 2407 ut
947 2346 1091 2407 tertianae
1107 2346 1196 2408 etiam
1216 2346 1362 2426 impetum
1383 2348 1423 2409 ti·

339 2447 445 2493 meam.
490 2438 520 2492 et
541 2430 609 2492 ideo
631 2430 809 2493 medicinam
828 2432 946 2494 somnio
963 2432 1034 2511 petii
1051 2432 1189 2510 iussaque
1204 2449 1269 2494 sum
1284 2450 1337 2495 vos
1351 2451 1422 2513 per·

301 2524 316 2575 8
338 2515 458 2595 quirere
473 2524 562 2595 atque
577 2516 721 2596 impetum
738 2518 835 2579 morbi
854 2525 1019 2580 monstrata
1035 2516 1198 2579 subtilitate
1218 2517 1324 2579 lenire.
1369 2518 1422 2581 sed

339 2602 375 2663 de
390 2600 522 2663 remedio
545 2620 607 2664 non
630 2611 689 2664 tam
711 2603 794 2665 valde
816 2602 937 2678 laboro;
965 2603 1060 2664 maior
1082 2603 1162 2665 enim
1184 2603 1215 2663 in
1239 2604 1424 2683 praecordiis

337 2686 424 2749 dolor
438 2688 538 2762 saevit,
561 2688 611 2768 qui
634 2706 682 2750 me
703 2689 853 2768 usquead
875 2690 1082 2752 necessitatem
1103 2688 1208 2750 mortis
1228 2688 1357 2769 deducit,
1380 2709 1419 2752 ne
1440 2702 1464 2752 25

338 2773 455 2836 scilieet
474 2774 596 2836 iuvenili
619 2774 738 2855 impulsi
760 2775 881 2837 lieentia
904 2774 984 2854 quod
1007 2776 1037 2835 in
1061 2773 1169 2835 sacello
1186 2774 1285 2855 Priapi
1299 2776 1423 2855 vidistis,

300 2869 315 2919 9
336 2858 462 2939 vulgetis
483 2861 670 2939 deorumque
691 2859 815 2922 consilia
835 2859 996 2941 proferatis
1018 2860 1048 2921 in
1071 2859 1227 2939 populum.
1271 2861 1421 2941 protendo

339 2944 430 3025 igitur
444 2944 480 3006 ad
495 2963 592 3026 genua
607 2953 703 3006 vestra
719 2944 841 3024 supinas
856 2963 965 3007 manus
979 2952 1110 3025 petoque
1126 2953 1156 3007 et
1168 2964 1231 3025 oro,
1246 2966 1284 3008 ne
1297 2955 1422 3010 noctur·

340 3048 394 3092 nas
408 3029 569 3109 religiones
585 3031 685 3093 iocum
700 3032 855 3111 risumque
870 3030 993 3107 faciatis,
1009 3049 1083 3093 neve
1098 3031 1255 3095 traducere
1270 3033 1366 3096 velitis
1375 3043 1422 3096 tot

340 3133 490 3178 annorum
504 3126 629 3191 secreta,
646 3134 721 3196 quae
736 3117 783 3179 vix
798 3117 879 3179 mille
893 3116 1032 3179 homines
1047 3114 1216 3179 noverunt.’
1440 3130 1464 3180 st

290 3197 332 3267 18
426 3202 590 3266 secundum
607 3203 685 3264 banc
700 3203 941 3283 deprecationem
957 3203 1094 3266 lacrimas
1115 3221 1220 3266 rursns
1242 3204 1348 3267 effudit
1369 3224 1422 3286 ge·

341 3287 522 3368 mitibusque
537 3288 627 3369 largis
649 3307 795 3351 concussa
817 3298 879 3351 tota
900 3289 976 3352 lacie
998 3308 1033 3351 ac
1054 3297 1177 3370 pectore
1198 3297 1298 3351 torum
1321 3309 1421 3354 meum

303 3387 317 3436 2
339 3374 458 3455 pressit.
496 3392 552 3454 ego
568 3376 674 3437 eodem
695 3383 832 3455 tempore
855 3384 886 3437 et
907 3374 1112 3437 misericordia
1134 3372 1271 3438 turbatus
1286 3385 1317 3438 et
1332 3387 1423 3463 metu,

340 3462 456 3522 bonum
470 3460 603 3522 animum
618 3460 728 3523 babere
751 3480 815 3523 eam
838 3461 910 3524 iussi
933 3469 963 3523 et
984 3462 1021 3522 de
1042 3469 1172 3540 utroque
1187 3478 1251 3524 esse
1267 3480 1420 3526 securam:

302 3560 317 3608 3
340 3565 410 3610 nam
433 3564 531 3626 neque
548 3564 631 3609 saera
647 3565 824 3628 quemquam
840 3547 1037 3628 vulgaturum,
1061 3546 1137 3609 etsi
1160 3546 1241 3626 quod
1262 3557 1464 3629 praetereas*

340 3633 419 3695 aliud
444 3632 607 3694 remedium
634 3634 669 3695 ad
695 3634 853 3695 tertianam
877 3633 949 3696 deus
972 3633 1014 3695 illi
1035 3641 1239 3713 monstrasset,
1265 3634 1419 3698 adiuvatu-

305 3730 320 3780 4
340 3739 391 3782 ros
407 3737 463 3781 nos
478 3717 608 3780 divinam
623 3718 838 3801 providentiam
853 3719 900 3780 vel
914 3719 1048 3799 periculo
1066 3728 1180 3783 nostro.
1216 3719 1338 3783 hilarior
1352 3730 1423 3803 post

341 3807 420 3868 hano
435 3803 681 3887 pollicitationem
696 3806 771 3867 laeta
787 3805 895 3867 mulier
909 3805 1033 3868 basiavit
1050 3824 1098 3868 me
1117 3806 1250 3886 spissius,
1269 3815 1300 3868 et
1319 3826 1355 3870 ex
1377 3808 1421 3872 la·

429 3977 441 4027 1
461 3974 505 4026 illa
515 4002 548 4012 —
561 3977 668 4026 steterat
680 3978 810 4041 tanquam
822 3991 858 4026 aar
867 3991 895 4042 p.
907 3977 948 4039 12,
957 3976 992 4028 34
1000 3976 1191 4041 moloropetita
1201 3976 1338 4028 loeobsa'ua
1347 3978 1421 4030 dom·

341 4043 451 4111 natatu
470 4045 485 4096 3
503 4057 601 4095 sacram
622 4043 700 4111 0111
720 4046 804 4095 autem
824 4044 907 4096 adhue
923 4045 967 4095 ool
987 4042 1071 4095 adbuc
1094 4049 1180 4095 antem
1203 4044 1268 4096 libri
1289 4046 1395 4112 aliquot
1411 4048 1421 4117 ΙΙ

343 4115 376 4167 10
395 4111 570 4179 spectavimus
589 4111 758 4179 Sombueml
773 4114 800 4166 11
821 4117 850 4164 ut
867 4127 930 4165 vero
947 4112 991 4179 L!
1022 4111 1162 4181 detonuitl
1176 4115 1209 4165 20
1228 4113 1295 4165 curis
1312 4119 1364 4166 out
1379 4116 1420 4169 in-

341 4179 449 4232 somniis
467 4182 593 4231 omismm
610 4184 676 4247 puto
689 4184 751 4233 onte
762 4186 854 4233 vexata
867 4180 878 4251 Ι
891 4182 924 4233 22
937 4180 1050 4249 somnol
1064 4182 1097 4234 23
1110 4181 1260 4235 salubritate
1274 4182 1399 4237 domim
1410 4185 1421 4258 ss

342 4251 374 4302 26
392 4248 505 4316 impulsu
522 4248 652 4302 licentiam
671 4248 692 4301 0
