3417 4934
712 444 868 500 SATVRAE

406 616 600 679 consentiunt
614 617 787 693 luminibus,
804 621 982 685 fulmineum
997 622 1082 685 iubar

404 701 539 764 incendit
552 720 667 783 aequor
680 705 835 786 sibilisque
849 708 947 768 undae
963 708 1104 772 fremunt.
1219 724 1249 773 40

404 796 548 869 stupuere
565 799 689 853 mentes.
719 791 822 853 intulis
838 792 955 855 stabant
970 795 1046 855 sacri

344 910 347 915 -
404 874 594 955 Phrygioque
609 876 691 938 cultu
707 877 827 957 gemina
842 878 904 940 nati
919 879 1045 959 pignora

403 960 567 1022 Leuconte.
597 980 672 1040 quos
687 971 812 1043 repente
826 963 997 1044 tergoribus
1013 966 1107 1046 ligant

403 1063 515 1127 angues
531 1047 658 1109 corusci.
687 1048 824 1129 parvulas
839 1049 880 1110 illi
896 1068 1002 1113 manus

402 1131 439 1193 ad
454 1149 506 1193 ora
521 1134 665 1208 referunt,
683 1144 791 1196 neuter
806 1135 915 1196 auxilio
931 1135 997 1207 sibi,
1216 1153 1246 1201 45

401 1225 528 1297 uterque
544 1218 644 1281 fratri:
662 1220 814 1282 transtulit
828 1221 923 1301 piatas
936 1222 1015 1284 vices

400 1321 542 1382 morsque
557 1303 621 1384 ipsa
636 1304 760 1367 miseros
775 1314 880 1368 mutuo
896 1306 995 1387 perdit
1009 1317 1100 1371 metu.

400 1388 569 1451 accumulat
584 1407 654 1451 ecoe
669 1389 795 1453 liberum
811 1392 904 1454 ianus
917 1411 1036 1472 parens,

401 1475 539 1537 infirmus
554 1474 720 1539 auxiliator.
751 1476 895 1539 invadunt
910 1479 1004 1540 virum

400 1562 458 1623 iam
470 1569 567 1622 morte
578 1561 655 1641 pesti
666 1561 860 1642 membraque
872 1564 906 1625 ad
919 1573 1028 1627 terram
1040 1568 1171 1628 trahunt.
1215 1579 1244 1627 50

400 1647 478 1709 iacet
492 1645 631 1709 sacerdos
646 1648 807 1711 intereras
821 1649 939 1711 victima

400 1741 571 1812 terramque
586 1732 710 1813 plangit.
741 1734 783 1796 sic
798 1735 964 1814 profanatis
979 1737 1071 1798 sacris

399 1818 534 1899 peritura
548 1818 637 1879 Troia
652 1820 781 1900 perdidit
794 1821 926 1901 primum
942 1820 1023 1884 deos.

443 1902 501 1964 iam
514 1904 603 1983 plena
615 1903 735 1966 Phoebe
751 1906 911 1967 candidum
927 1906 1071 1970 extulerat
1086 1909 1173 1970 iubar

400 1990 516 2051 minora
533 1988 647 2051 ducens
662 2000 739 2052 astra
755 1992 882 2053 radianti
899 1993 972 2065 iace,
1214 2008 1243 2055 55

400 2094 468 2138 cum
484 2073 564 2136 inter
578 2075 711 2155 sepultos
726 2076 889 2139 Priamidas
905 2086 993 2140 nocte
1009 2088 1039 2139 et
1054 2098 1137 2142 mero

400 2160 494 2223 Danai
510 2160 644 2223 relaxant
658 2162 785 2224 claustra
802 2170 832 2225 et
847 2163 1007 2225 eiioudunt
1021 2163 1110 2228 viros.

399 2254 549 2327 temptant
563 2246 594 2308 iu
610 2248 699 2309 armis
714 2267 746 2311 se
762 2249 862 2322 duces,
878 2268 933 2311 ceu
950 2248 999 2310 ubi
1016 2250 1091 2311 solet

400 2332 481 2394 nodo
497 2332 639 2394 remissos
654 2332 787 2395 Thessali
804 2334 975 2416 quadrupes
990 2335 1051 2415 iugi

399 2418 544 2480 cervicem
561 2427 592 2479 et
605 2418 678 2479 altas
693 2428 815 2499 quatere
831 2420 868 2481 ad
883 2438 1041 2483 excursum
1057 2420 1151 2485 iubas.
1216 2434 1246 2484 oo

398 2503 513 2583 gladios
528 2511 700 2578 retractant,
717 2514 908 2567 commovent
923 2505 1012 2569 orbes
1027 2525 1117 2568 manu

400 2589 572 2667 bellumque
587 2600 719 2652 sumunt.
748 2591 798 2653 hic
812 2610 916 2671 graves
931 2591 1006 2653 alius
1020 2611 1104 2653 mero

400 2674 563 2737 obtruncat
578 2683 608 2737 et
624 2676 824 2738 continuatio
842 2686 969 2737 mortem
985 2678 1116 2738 ultimam

399 2778 533 2836 somnos,
550 2759 587 2822 ab
603 2760 662 2823 aris
678 2762 752 2823 alius
769 2762 907 2823 accendit
922 2763 1001 2824 laces

400 2854 574 2944 contraque
583 2846 699 2909 'lroas
691 2857 809 2909 invocat
824 2848 931 2910 Troiae
946 2847 1053 2910 sacra!
1215 2859 1246 2908 ot

215 2950 233 3002 u
337 2934 343 3019 Ι
365 2957 382 2995 a
400 2951 437 2993 ex
451 2931 484 3017 is,
499 2932 552 3011 qui
566 2930 597 2993 in
614 2932 780 3012 porticibus
795 2934 1010 3032 spatiabantur,
1025 2934 1160 3015 lapides
1153 2952 1183 2995 ro
1201 2932 1322 2995 Eumol·
1337 2930 1382 3000 90

249 3040 319 3103 pum
333 3021 510 3083 recitantem
527 3017 683 3079 miserunt
720 3017 828 3092 atille,
852 3020 905 3098 qui
927 3020 1088 3101 plausum
1080 3019 1192 3098 mgenii
1208 3019 1254 3081 sui
1270 3038 1325 3081 no·

249 3115 341 3182 verat,
360 3103 481 3187 operuit
495 3111 585 3185 caput
599 3111 741 3185 extraque
756 3104 900 3185 templum
917 3106 1060 3186 profugit.
1097 3104 1183 3167 timui
1199 3124 1269 3185 ego,
1285 3124 1325 3167 ne
1346 3118 1361 3167 2

249 3210 294 3254 me
317 3200 437 3273 poetam
452 3196 581 3250 vocaret.
617 3188 719 3269 itaque
734 3189 948 3253 subsecutuss
934 3192 1098 3271 fugientem
1121 3191 1157 3252 ad
1172 3190 1242 3252 litus
1256 3209 1325 3271 per-

221 3287 233 3336 a
249 3279 327 3350 reni,
350 3286 381 3338 et
395 3284 429 3339 ut
443 3274 573 3355 primum
588 3284 671 3337 extra
686 3276 738 3337 teli
753 3276 923 3338 coniectum
940 3277 1023 3338 licuit
1037 3277 1215 3349 consistere,
1231 3276 1361 3357 rogo’3

249 3363 369 3443 inquam
387 3360 469 3441 ‘quid
484 3358 580 3421 tibi'
553 3379 596 3424 us
612 3361 752 3423 comisto
769 3360 899 3423 morbo?
921 3362 1021 3424 miuus
1036 3381 1125 3442 quam
1141 3361 1256 3424 duabus
1271 3363 1325 3425 bo-

250 3449 289 3511 ris
310 3466 431 3511 mecum
453 3446 594 3520 moraris,
617 3454 649 3508 et
669 3446 787 3527 saepius
809 3448 927 3527 poetice
947 3467 1035 3527 quam
1057 3449 1187 3510 humane
1209 3449 1326 3511 locutus

250 3554 290 3596 es.
325 3535 426 3631 itaque
443 3550 506 3593 non
525 3533 627 3607 miror,
644 3532 670 3595 si
685 3541 714 3594 te
731 3534 860 3613 populus
874 3533 1022 3631 lapidibus
1037 3534 1237 3615 persequitur.
1268 3553 1324 3632 ego
1347 3546 1361 3594 4

251 3638 370 3700 quoque
384 3618 486 3681 sinum
500 3636 598 3679 meum
614 3618 691 3680 saris
711 3618 859 3694 onerabo,
882 3627 915 3681 ut
936 3620 1175 3700 quotiescunque
1191 3620 1326 3699 coeperis

214 3712 235 3762 to
251 3714 309 3768 ate
322 3705 422 3776 exire,
441 3704 618 3783 sanguinem
638 3704 692 3765 tibi
715 3723 730 3766 a
753 3704 849 3785 capite
870 3704 1002 3767 mittam'.
1036 3706 1128 3767 movit
1149 3706 1198 3767 ille
1214 3706 1324 3767 vultum

252 3799 281 3852 ot
293 3796 321 3854 ‘o
336 3790 389 3853 mi’
410 3789 510 3870 inquit
523 3785 717 3865 ‘adolescens
739 3809 800 3852 non
816 3790 908 3853 hodic
920 3791 1049 3871 primum
1065 3792 1234 3871 auspicatus
1248 3808 1323 3852 sum.
1346 3802 1361 3851 5

335 4014 370 4066 39
387 4012 496 4078 pontmn
514 4008 769 4062 inbaeconvestinnt
779 4011 914 4077 Hauptius
930 4017 991 4077 post
1008 4011 1147 4063 luminibus
1159 4011 1326 4062 intercidisse

252 4096 354 4133 omum
372 4082 463 4141 ratus,
485 4092 536 4145 ego
558 4078 712 4146 anguineum
739 4082 869 4145 proposui
891 4079 901 4147 ΙΙ
926 4083 959 4133 lo
977 4084 1090 4132 tremunt
1112 4078 1122 4147 Ι
1147 4081 1180 4132 58
1207 4094 1254 4131 ceu
1281 4081 1325 4148 qni

252 4147 376 4216 Baliari
390 4149 423 4201 59
442 4146 511 4201 oudo
523 4148 533 4213 l
546 4147 580 4201 63
598 4153 700 4201 noctem
718 4148 811 4199 Doara
822 4148 831 4214 11
846 4150 879 4201 64
897 4148 982 4201 avaris
998 4148 1008 4215 Ι
1026 4152 1043 4201 4
1060 4149 1233 4213 expectabam
1251 4156 1324 4215 puta-

252 4216 329 4287 rent!
342 4221 374 4273 10
392 4216 485 4280 morit]
503 4216 569 4268 baec
586 4220 614 4267 at
629 4216 662 4268 da
677 4218 814 4284 proximis
832 4218 1001 4283 complura
989 4232 1020 4267 m
1037 4220 1124 4268 artem
1140 4216 1253 4270 redacta
