3417 4934
396 450 437 510 62
859 449 1011 505 rursouu

395 626 486 687 immo
509 622 626 704 quoties
643 624 806 698 theatrum,
828 634 862 687 ut
880 625 1036 687 recitarem
1055 623 1182 704 aliquid,
1204 623 1327 701 intrari,
1349 624 1408 686 bac
1426 643 1466 688 000

358 709 558 775 6001000010ἰο
581 710 718 791 excipere
744 711 912 791 frequentia
936 711 1022 775 solet
1066 720 1198 772 ceterum
1222 729 1261 772 ne
1292 704 1346 795 [et]
1376 719 1466 774 tecum

396 814 516 875 quoquc
530 795 654 857 habeam
669 795 839 871 rixandum,
864 805 926 858 toto
948 796 995 857 dic
1009 816 1058 857 me
1079 795 1116 857 ab
1132 797 1190 857 boc
1212 795 1280 857 cibo
1296 794 1467 862 abstinebo'.

395 881 507 943 ‘immo’
522 880 643 961 inquam
661 900 716 962 ego
731 880 766 944 ‘si
782 882 881 945 eiuras
895 882 1072 943 hodiernam
1087 881 1191 956 bilem,
1215 900 1276 945 una
1291 877 1467 946 cenabimus!

926 992 943 1027 ᾑ

357 1066 370 1114 ι
481 1053 587 1115 mando
603 1052 803 1116 aedicularum
819 1054 934 1116 custodi
950 1053 1075 1116 cenulae
1091 1052 1224 1115 cilicium
1480 1063 1496 1117 ⁵-

925 1161 942 1199 ἡ

342 1221 385 1290 91
480 1222 565 1284 rideo
588 1223 694 1286 Gitona
718 1242 786 1287 cum
808 1223 909 1287 linteis
935 1233 966 1286 et
987 1222 1151 1304 strigilibus
1172 1222 1279 1304 parieti
1302 1222 1468 1304 applicitum

356 1322 371 1371 2
394 1308 507 1370 tristem
530 1309 760 1390 confusumque.
797 1310 898 1385 scires,
922 1330 984 1372 non
1008 1308 1138 1371 libenter
1159 1309 1279 1376 servire.
1320 1309 1422 1389 itaque
1441 1316 1470 1372 ut

396 1394 633 1475 experimentum
650 1397 806 1457 oculorum
823 1413 960 1476 caperem

395 1480 542 1542 convertit
556 1480 606 1542 ille
621 1481 751 1543 solutum
766 1480 874 1561 gaudio
890 1482 1003 1544 vultum
1025 1489 1055 1542 et
1071 1480 1233 1541 ‘miserere'
1248 1480 1349 1559 inquit
1336 1480 1468 1542 t.‘lrater

395 1565 447 1627 ubi
468 1584 550 1627 arma
574 1586 635 1628 nou
659 1576 746 1642 sunt,
718 1567 863 1629 tlibere
877 1566 1003 1665 loquor.
1041 1566 1123 1646 eripe
1145 1584 1193 1627 me
1215 1566 1327 1627 latroni
1349 1573 1469 1628 cruento

395 1660 425 1712 et
430 1651 572 1749 qualibet
587 1652 704 1714 saevitia
720 1614 933 1731 paenitentiam
948 1651 1054 1713 iudicis
1068 1651 1112 1713 tui
1127 1651 1211 1731 puni.
1245 1658 1291 1713 sat
1292 1651 1317 1713 is
1332 1669 1509 1740 magnum

357 1736 451 1800 uerit
470 1737 579 1798 misero
599 1738 788 1811 solacium,t
775 1745 826 1799 tua
840 1738 991 1799 voluntate
1009 1736 1172 1801 cecidissc’.
1208 1737 1400 1818 supprimere
1420 1747 1509 1838 030Ι

396 1821 558 1899 querellam
581 1822 688 1899 inbeo,
717 1843 756 1885 ue
785 1823 852 1903 quis
875 1823 997 1886 consilia
1025 1821 1279 1903 deprehenderet,
1309 1785 1509 1904 relictoque

396 1906 596 1988 Eumolpo—
611 1909 724 1970 namin
741 1908 848 1972 balneo
864 1927 985 1971 carmen
1001 1907 1197 1970 recitabat-
1155 1926 1264 1987 -per
1278 1907 1470 1971 tenebrosum

395 2000 425 2054 et
445 1993 597 2055 sordidum
621 2012 773 2074 egressum
796 2002 845 2056 ext
833 1995 919 2057 traho
940 1994 989 2055 Git
977 2002 1046 2056 torm
1070 1994 1238 2074 raptimque
1259 1993 1291 2056 in
1313 1993 1509 2075 bospitinmll

357 2092 493 2141 lineum
515 2080 646 2158 pervolo.
690 2080 852 2159 praeclusis
880 2080 988 2142 deiude
1015 2079 1130 2141 loribus
1156 2078 1262 2140 invado
1284 2087 1394 2159 pectus
1414 2098 1470 2141 am·

357 2177 371 2225 5
394 2163 530 2243 plexibus
552 2173 583 2226 et
604 2165 758 2245 perfusum
780 2186 813 2227 os
835 2166 965 2227 lacrimis
984 2165 1066 2227 vultu
1089 2182 1157 2226 meo
1179 2173 1315 2226 contero.
1353 2165 1407 2227 diu
1425 2184 1471 2227 vo-

395 2267 460 2311 cem
476 2257 582 2311 neuter
598 2251 726 2328 invenit;
745 2269 813 2313 nam
828 2270 905 2331 puer
920 2251 1007 2312 etiam
1023 2249 1203 2329 singultibus
1218 2249 1334 2313 crebris
1350 2249 1472 2312 amabile

357 2347 372 2396 6
394 2345 499 2415 pectus
521 2345 719 2414 quassaverat.
757 2342 785 2398 ‘o
808 2336 935 2398 lacinns’
957 2338 1078 2416 inquam
1100 2334 1281 2415 indignum,
1305 2335 1387 2415 quod
1411 2354 1472 2398 amo

395 2429 424 2482 te
440 2421 572 2499 quamvis
588 2422 718 2498 relictus,
735 2423 809 2484 etin
826 2424 884 2485 boc
899 2431 1031 2503 pectore,
1047 2440 1115 2483 cum
1130 2423 1239 2483 vulnus
1253 2422 1363 2501 ingens
1379 2419 1510 2495 luerit!

396 2506 515 2569 cicatrix
533 2526 593 2568 non
606 2516 660 2569 est.
691 2508 763 2588 quid
775 2508 858 2582 dicis,
874 2508 1026 2589 peregrini
1041 2507 1150 2569 amoris
1167 2504 1345 2569 concessio?
1368 2508 1473 2587 dignus

357 2606 371 2654 r
395 2594 450 2654 bac
472 2592 581 2654 iniuria
604 2591 678 2655 luit’
712 2602 871 2675 postquam
890 2614 921 2657 se
938 2594 1029 2656 amari
1044 2593 1151 2669 sensit,
1173 2592 1368 2673 supercilium
1391 2594 1474 2656 altitu

394 2677 513 2741 sustulit

926 2786 943 2824 ἡ

481 2855 548 2911 ‘nec
568 2851 676 2911 amoris
698 2849 853 2911 arbitrium
874 2850 909 2911 ad
928 2849 1017 2911 alium
1040 2849 1168 2912 iudicem
1190 2848 1291 2910 detuli.
1329 2847 1382 2911 sed
1404 2847 1474 2911 nibil

396 2935 451 2995 iam
465 2953 585 3014 queror,
599 2936 674 2997 nibil
685 2936 742 2997 iam
754 2935 887 3009 memini,
900 2936 924 2997 si
934 2936 1012 2997 bona
1022 2936 1080 2997 lide
1092 2934 1305 3016 paenitentiam
1317 2934 1475 2996 emendas'.
1492 2941 1510 2995 Ι

357 3030 372 3080 8
396 3021 468 3082 10000
483 3038 551 3081 cum
567 3020 646 3082 inter
660 3021 789 3100 gemitus
804 3020 1000 3100 lacrimasque
1015 3021 1166 3094 fudissem,
1182 3019 1305 3081 detersit
1320 3019 1369 3081 ille
1385 3020 1472 3100 pellic

397 3105 508 3166 vultum
524 3114 554 3166 et
566 3105 698 3185 ‘quaeso’
709 3106 807 3185 inquit
819 3105 967 3186 ι11000101,
983 3108 1071 3168 iidem
1083 3105 1243 3167 memoriae
1258 3114 1328 3167 tuae
1339 3106 1471 3187 appello:

396 3207 451 3268 ego
467 3199 497 3253 te
512 3190 634 3271 reliqui,
657 3210 694 3253 an
717 3199 749 3253 tu
766 3210 813 3253 me
829 3190 1009 3272 prodidisti?
1031 3192 1167 3272 equidem
1184 3193 1279 3252 fatcor
1295 3198 1325 3252 ct
1338 3209 1413 3271 prae
1427 3209 1473 3253 me

358 3288 373 3337 9
395 3275 475 3341 lero:
498 3295 566 3338 cum
582 3278 658 3340 duos
673 3286 801 3340 armatos
816 3277 961 3360 viderem,
984 3279 1019 3340 ad
1037 3278 1192 3339 fortiorem
1207 3276 1349 3357 conlugi’.
1388 3296 1472 3339 exos-

396 3361 512 3425 culatus
533 3372 638 3443 pectus
651 3364 796 3444 sapientia
819 3364 941 3443 plenum
961 3363 1050 3426 inieci
1066 3361 1230 3425 cervicibus
1251 3381 1371 3435 manus,
1396 3372 1427 3425 et
1444 3369 1510 3424 000

396 3447 481 3509 lacile
496 3448 682 3528 intellegeret
696 3449 807 3512 redisse
818 3468 866 3511 me
878 3450 910 3511 iu
923 3450 1046 3530 gratiam
1059 3458 1088 3510 00
1099 3449 1209 3529 optima
1220 3449 1279 3509 fide
1293 3448 1472 3510 reviviscen-

396 3540 456 3594 tem
473 3534 639 3608 amicitiam,
656 3543 718 3597 toto
733 3543 855 3616 pectore
872 3535 1024 3597 adstrinxi.

343 3616 388 3684 92
481 3626 512 3680 00
532 3619 589 3681 iam
611 3620 699 3700 plena
721 3640 781 3683 nox
802 3630 867 3682 erat
888 3622 1052 3700 mulierque
1075 3638 1166 3681 cenae
1188 3618 1326 3681 mandata
1349 3637 1470 3682 curere-

357 3717 373 3766 0
395 3712 450 3779 rat,
473 3722 541 3766 cum
558 3704 723 3786 Eumolpus
738 3706 847 3769 ostium
862 3707 969 3787 pulsat.
1007 3706 1160 3786 interrogo
1176 3725 1248 3785 egos
1272 3712 1356 3785 ‘quot
1371 3703 1470 3768 estisi'

396 3790 553 3870 obiterque
574 3809 629 3871 per
646 3792 751 3854 rimam
772 3793 845 3855 loris
862 3793 1010 3873 speculari
1031 3792 1254 3870 diligentissime
1276 3791 1378 3872 coepi,
1403 3798 1510 3853 numtt

358 3888 372 3937 3
394 3877 529 3959 Ascyltos
543 3895 604 3937 una
615 3878 753 3941 venisset.
791 3879 898 3940 deinde
913 3889 946 3941 ut
957 3878 1054 3941 solum
1070 3878 1217 3958 hospitem
1232 3877 1301 3951 vidi,
1317 3885 1469 3940 momentu

482 4030 611 4083 1100001
628 4028 726 4099 1000113
744 4030 824 4082 rixam
836 4029 998 4083 bichardus.
1033 4030 1125 4081 dubito
1138 4034 1227 4081 autem
1245 4044 1281 4079 cn
1299 4031 1398 4080 omissa
1416 4032 1470 4081 01001

395 4099 463 4150 tolia
481 4098 664 4152 mehercules'
658 4113 708 4150 ram
734 4099 744 4162 n
769 4101 796 4151 tt
824 4099 978 4152 sententiam
999 4114 1051 4165 pro
1073 4098 1257 4163 paenitentiam
1270 4096 1468 4180 ι800113000000

393 4169 483 4288 ppirpp
496 4166 553 4288 {1¹33
555 4167 626 4289 vpppp
626 4172 685 4289 ff
703 4166 763 4220 tulit
775 4166 785 4235 b
798 4169 830 4220 25
848 4167 1002 4220 senteutiam
1019 4167 1212 4219 restituendum
1229 4167 1328 4233 opinor
1344 4163 1468 4235 01000001
