3417 4934
718 495 873 552 SATVRAE
1295 500 1336 560 67

277 708 279 712 ’
784 692 801 730 dt

211 774 234 826 ι,
343 755 510 837 Eumolpus
530 765 641 831 autem,
671 755 741 835 quia
763 757 916 817 eliractum
940 756 1049 818 ostium
1072 757 1163 820 cellae
1186 758 1372 821 neminemt

253 850 378 924 poterat
399 841 575 917 excludere,
598 841 737 922 irrumpit
757 841 953 921 perturbatus
967 849 998 903 et
1013 841 1111 904 ‘mille’
1127 844 1226 923 inquit
1240 842 1339 906 ‘num-

255 947 324 991 mos
346 928 467 1011 inveni3
496 928 554 989 iam
577 926 657 988 enim
679 944 844 1006 persequar
872 925 1032 988 abeuntem
1053 946 1234 1006 praeconem
1254 937 1285 989 et
1306 929 1338 991 in

252 1022 403 1094 potestate
424 1022 476 1075 tua
498 1031 564 1075 esse
587 1011 725 1080 Gitonem
748 1011 936 1073 meritissima
951 1012 1121 1092 proditione
1142 1011 1338 1076 monstrabo'.

215 1113 230 1163 5
251 1118 351 1180 genua
368 1117 423 1179 ego
439 1098 656 1197 perseverantis
670 1097 846 1177 amplector,
863 1116 901 1158 ne
916 1097 1080 1160 morientes
1090 1098 1179 1160 vellet
1189 1100 1373 1176 occideret

252 1193 282 1247 et
294 1179 446 1246 ‘merito'
438 1201 561 1263 inquam
575 1183 828 1255 excandesceres,
843 1182 869 1244 si
885 1201 989 1262 posses
1003 1184 1152 1282 perditum
1168 1184 1338 1253 ostendere

252 1287 336 1332 nunc
352 1270 433 1332 inter
446 1267 566 1331 turbam
581 1285 657 1350 puer
671 1268 757 1346 fugit,
774 1285 831 1329 noc
842 1285 902 1347 quo
915 1267 1031 1342 abierit,
1046 1270 1191 1349 suspicari
1202 1289 1338 1350 possum.

251 1354 429 1436 perfidem,
453 1353 613 1435 Eumolpe,
635 1352 728 1415 reduc
743 1371 871 1433 puerum
887 1361 917 1415 et
929 1354 976 1415 vel
992 1354 1110 1435 Ascylto
1125 1353 1233 1421 redde’.
1264 1356 1337 1418 dum
1359 1368 1374 1417 4

251 1442 325 1504 baec
349 1457 406 1519 ego
421 1440 479 1501 iam
496 1439 629 1501 credenti
644 1438 821 1519 persuadeo,
837 1437 927 1500 Giton
944 1439 1121 1501 collectione
1136 1440 1260 1521 spiritus
1274 1442 1340 1523 ple-

205 1538 230 1590 to
251 1545 310 1589 nus
331 1533 381 1587 ter
402 1525 548 1587 continuo
569 1525 611 1586 ita
633 1524 819 1604 sternutavit,
842 1531 877 1585 ut
897 1524 1053 1602 grabatum
1075 1535 1260 1591 concuteret.
1300 1527 1337 1588 ad
1360 1539 1375 1588 5

252 1629 342 1691 quern
358 1620 475 1673 motum
490 1609 655 1691 Eumolpus
670 1628 833 1671 conversus
848 1610 961 1671 salvere
977 1609 1084 1672 Gitona
1099 1610 1192 1674 iubet.
1223 1621 1338 1673 remota

251 1697 341 1759 ctiam
364 1695 473 1758 culcita
494 1694 574 1757 ridet
595 1694 717 1769 Vlixem,
747 1695 796 1756 cni
818 1694 865 1756 vel
887 1696 1024 1758 esuriens
1045 1695 1171 1777 Cyclops
1193 1698 1340 1777 potuisset

250 1799 388 1863 parcere.
418 1799 488 1843 mox
504 1798 666 1843 conversus
680 1781 718 1842 ad
732 1799 780 1841 me
796 1779 878 1861 ‘quid
902 1779 955 1842 est’
978 1781 1075 1862 inquit
1098 1780 1208 1843 ‘latrol
1224 1802 1263 1843 ne
1284 1783 1336 1844 de·
1358 1794 1373 1843 6

251 1868 421 1948 prehensus
443 1866 564 1946 quidem
585 1884 675 1928 ausus
697 1884 730 1928 es
753 1865 824 1927 mihi
846 1883 949 1927 verum
971 1866 1081 1931 dicere.
1111 1867 1201 1929 immo
1218 1868 1251 1930 ni
1265 1868 1339 1930 deus

205 1964 230 2016 15
251 1953 372 2033 qraidam
394 1953 593 2014 humanarum
614 1969 715 2013 rerum
739 1949 852 2012 arbiter
871 1952 1016 2031 pendenti
1040 1970 1136 2033 puero
1161 1953 1339 2031 excussisset

253 2038 411 2118 indicium,
427 2038 528 2100 clusus
542 2037 621 2098 circa
637 2038 765 2117 popinas
780 2034 922 2098 errarem’

789 2144 806 2182 t

338 2208 430 2270 Giton
445 2207 536 2287 longe
557 2206 695 2269 blandior
709 2226 798 2287 quam
814 2226 880 2287 ego,
901 2206 1029 2286 primum
1052 2208 1169 2270 araneis
1193 2209 1261 2270 oleo
1275 2227 1338 2270 ma·
1360 2221 1374 2269 t

252 2294 394 2357 dentibus
409 2294 529 2368 vulnus,
543 2292 624 2373 quod
640 2293 670 2354 in
687 2292 848 2373 supercilio
871 2292 982 2353 factum
1001 2302 1073 2366 erat,
1089 2294 1240 2356 coartavit.
1270 2313 1340 2355 mox

253 2379 375 2460 palliolo
391 2397 447 2441 suo
461 2378 622 2440 laceratam
637 2379 759 2439 mutavit
779 2386 900 2451 vestem,
922 2377 1136 2458 amplexusque
1152 2380 1209 2441 iam
1225 2379 1340 2459 mitiga·

205 2476 232 2527 to
252 2475 316 2527 turn
340 2463 452 2527 osculis
474 2472 616 2543 tanquam
638 2463 782 2525 fomentis
805 2471 1025 2543 aggressusest
1046 2472 1077 2524 et
1098 2464 1141 2524 ‘in
1164 2463 1224 2526 tna’
1240 2465 1338 2544 inquit
1360 2476 1375 2527 8

253 2557 350 2633 ‘pater
372 2548 534 2623 carissime,
557 2549 587 2610 in
610 2558 660 2610 tna
683 2567 787 2611 sumus
809 2548 952 2611 custodia.
982 2549 1008 2610 si
1023 2547 1132 2610 Gitona
1147 2560 1233 2612 tuum
1248 2568 1338 2623 amas,

252 2636 356 2718 incipe
377 2634 453 2696 velle
475 2652 603 2696 servare.
632 2635 748 2696 utinam
771 2653 819 2695 me
840 2634 936 2696 solum
953 2633 1093 2695 inimicus
1108 2634 1187 2713 ignis
1200 2635 1334 2697 hauriret
1356 2646 1371 2696 9

254 2722 299 2784 vel
321 2719 484 2783 bibernum
499 2720 651 2782 invaderet
667 2737 761 2781 mare.
791 2738 846 2799 ego
862 2720 942 2780 enim
958 2718 1094 2780 omnium
1113 2720 1260 2781 scelerum
1275 2738 1339 2781 ma·

252 2807 337 2881 teria,
354 2824 409 2887 ego
425 2823 515 2867 cansa
530 2823 607 2868 sum.
636 2805 663 2867 si
677 2805 818 2885 perirem,
835 2805 1011 2866 conveniret
1026 2802 1163 2867 inimicis'

791 2912 808 2950 t

207 2987 233 3038 tt
340 2980 408 3057 ‘ego
423 2975 468 3038 sic
482 2993 601 3055 semper
616 2983 646 3037 et
660 2975 772 3055 ubique
791 2974 861 3048 vixi,
880 2982 914 3036 ut
929 2974 1062 3036 ultimam
1078 2994 1226 3055 quamque
1242 2977 1341 3039 lucem
1354 2972 1399 3042 99

253 3071 399 3142 tanquam
414 3079 479 3123 non
493 3060 654 3123 redituram
670 3057 889 3123 consumerem’

790 3166 808 3205 *

340 3230 540 3313 profusiscgo
551 3230 680 3293 lacrimis
691 3248 765 3311 rogo
775 3248 956 3312 quaesoque,
967 3235 1003 3291 'ut
1012 3248 1131 3292 mecum
1141 3249 1261 3310 quoque
1272 3232 1340 3293 red·
1360 3244 1374 3293 2

258 3326 305 3379 eat
318 3318 351 3379 in
366 3316 510 3396 gratiam:
525 3334 624 3396 neque
639 3316 720 3378 enim
732 3317 763 3378 in
775 3316 938 3378 amantium
954 3333 1020 3377 esse
1033 3323 1180 3396 potestate
1196 3317 1339 3379 furiosam
1368 3360 1371 3365 -

257 3402 498 3465 aemulationem.
528 3400 667 3464 daturum
689 3408 790 3464 tamen
814 3419 947 3482 operam,
971 3419 1010 3462 ne
1031 3409 1083 3463 aut
1105 3400 1200 3463 dicam
1222 3410 1275 3464 aut
1294 3404 1338 3464 la·

211 3497 236 3549 to
256 3489 334 3550 ciam
355 3486 494 3569 amplius,
509 3501 571 3567 quo
585 3487 680 3568 possit
702 3487 824 3549 ollandi.
854 3496 971 3548 matum
987 3504 1106 3548 omnem
1122 3485 1339 3549 scabitudinem

257 3574 358 3635 animo
381 3580 524 3653 tanquam
538 3571 687 3639 bonarum
701 3573 810 3635 artium
824 3573 966 3651 magister
980 3571 1093 3633 deleret
1107 3572 1173 3634 sine
1188 3573 1338 3635 cicatrice.

257 3657 390 3721 ‘incultis
403 3658 576 3739 asperisque
590 3657 765 3738 regionibus
779 3659 891 3721 diutius
902 3658 984 3719 nives
995 3656 1129 3732 haerent,
1145 3666 1190 3719 ast
1203 3657 1256 3719 ubi
1270 3677 1336 3720 ara·
1358 3670 1373 3718 3

258 3753 303 3806 tro
319 3742 486 3806 domefacta
501 3744 590 3806 tellus
605 3744 696 3817 nitet,
718 3743 788 3806 dum
804 3743 953 3823 loqueris,
973 3742 1046 3804 levis
1066 3745 1174 3823 pruina
1190 3743 1338 3805 dilabitur.

258 3829 394 3892 similiter
407 3828 628 3910 impectoribus
643 3829 686 3890 ira
697 3830 843 3892 considite
859 3830 936 3891 teras
948 3827 1068 3909 quidem
1080 3837 1196 3890 mentes
1211 3826 1337 3905 obsidet,

215 3914 389 3978 uetuditm
402 3912 603 3995 praelabitur!
637 3919 681 3975 ‘ut
701 3913 786 3977 scias'
813 3914 913 3995 inquit
933 3914 1099 3993 Eumolpus
1126 3919 1238 3975 ‘verum
1260 3932 1336 3989 esse,
1358 3925 1373 3975 4

341 4133 556 4256 momiano
567 4133 607 4200 lss
624 4131 785 4271 prolditurndl
796 4133 841 4252 l23
859 4132 964 4267 vdubg
902 4136 959 4197 ]ut
969 4133 980 4198 ΙΙ
993 4133 1026 4186 25
1042 4134 1219 4199 praemimur
1236 4133 1340 4186 Eumol-

260 4203 476 4341 ttlttrd
480 4198 1217 4339 amitttat'ltintittrltttu'nftm”⁰
1234 4209 1339 4261 Μ

1164 4354 1199 4411 δὴ
