3417 4934
292 472 356 532 246
442 470 648 527 SATVRARVM
665 470 812 525 amastis
830 469 1080 525 mnasrsavstvs
1096 470 1216 525 mittola

805 640 856 703 V*

376 763 534 827 Suetonius
544 766 577 823 in
592 764 653 824 olto
667 761 785 826 Claudii
797 759 841 825 38
855 763 909 825 uli
922 768 1081 844 imperator
1094 774 1240 827 noradus
1256 775 1376 827 testatus

293 868 352 912 esse
362 847 555 912 oratiunculis
576 847 746 929 quidusdam
764 848 934 912 simulatam
949 868 967 909 a
981 867 1010 909 se
1023 858 1163 927 regnante
1187 847 1260 912 Gaio
1276 849 1375 913 stulti·

291 939 380 999 tiam:
395 953 450 996 neo
465 943 563 996 tamen
579 934 743 1014 persuasit,
766 953 833 996 anm
850 933 929 994 intra
944 933 1033 995 breve
1054 944 1173 1015 tempus
1186 934 1265 996 liber
1280 935 1377 998 editus

292 1020 330 1082 sit
351 1020 401 1082 oui
425 1021 515 1081 index
537 1029 601 1080 arat
620 1027 744 1104 μωρῶν
767 1023 1019 1098 ἐπανάστασις,
1042 1027 1253 1098 argumentum
1277 1030 1376 1082 autem

292 1106 444 1188 stultitiam
460 1105 611 1167 neminem
628 1104 752 1184 fingere.

800 1222 862 1283 vl*

379 1342 536 1407 Santonius
550 1344 584 1406 de
593 1346 792 1422 namneticis
802 1338 825 1405 9
835 1343 870 1403 de
885 1341 997 1404 Orbilio
1010 1341 1149 1423 Pupilla:
1164 1341 1274 1403 librum
1288 1343 1374 1404 etiam

294 1429 343 1492 eui
359 1440 405 1492 est
419 1428 523 1491 titulus
539 1427 735 1515 nepoalpdg,
752 1427 844 1489 edidit
858 1427 1065 1489 continentem
1080 1426 1232 1507 querellas
1242 1427 1285 1488 ‘de
1296 1426 1374 1488 inin·

292 1515 361 1588 riis,
376 1532 450 1594 quas
463 1514 648 1595 professores
669 1512 848 1594 negligentia
865 1521 915 1573 aut
930 1513 1091 1574 ambitione
1122 1520 1283 1593 parentum
1297 1512 1375 1573 aoei-

293 1608 410 1682 perent
440 1600 497 1662 luit
518 1609 617 1662 antam
641 1610 763 1661 naturae
778 1599 903 1672 aeerbae
919 1617 980 1660 non
1003 1598 1138 1660 modain
1155 1598 1375 1679 antisophistas,

294 1703 372 1768 quos
387 1686 470 1748 omni
486 1685 644 1747 oeoasinne
659 1684 810 1757 laceravit·
821 1684 873 1746 sed
889 1683 978 1745 etiam
993 1684 1023 1745 in
1039 1683 1212 1764 discipulos.

795 1836 871 1898 vll*

381 1954 538 2019 Suetonius
551 1959 585 2017 in
600 1960 661 2019 uita
680 1954 789 2018 Tiberii
803 1954 862 2029 42:
876 1953 1006 2018 Tiberius
1018 1955 1127 2029 Asellio
1142 1954 1257 2017 Sabino
1271 1965 1376 2017 sester-

294 2043 334 2104 tia
357 2043 485 2104 ducenta
507 2042 628 2104 donavit
648 2060 704 2121 pro
727 2042 853 2123 dialogo,
876 2043 908 2103 in
932 2059 992 2121 quo
1013 2040 1107 2103 boleti
1129 2047 1159 2102 et
1184 2040 1328 2103 lieedulae
1350 2048 1376 2100 et

296 2138 412 2189 ostreae
427 2136 458 2188 at
471 2126 553 2188 turdi
569 2136 719 2190 certamen
735 2127 903 2190 induxerat.

381 2296 503 2355 Vsahe,
530 2296 615 2348 indeo
639 2312 772 2362 graaern,
793 2302 893 2365 μωροῦ
914 2310 1011 2347 nomen
1035 2293 1155 2345 ttootaan
1173 2298 1299 2359 arguunt
1316 2308 1371 2344 oon·

295 2366 409 2421 antam
421 2364 538 2417 Senonas
555 2369 667 2417 soteerao
680 2363 691 2433 fl
702 2363 736 2417 Vl
747 2365 838 2417 titulus
847 2363 1012 2483 perislogos.
1030 2362 1100 2413 idem
1113 2360 1214 2413 tinctus
1226 2360 1371 2414 moedus

296 2434 454 2487 Platoniooo
467 2434 477 2499 l
490 2431 534 2485 vll
551 2433 652 2487 Sonooa
670 2450 742 2486 suas.
761 2435 785 2496 2,
796 2433 828 2486 12
868 2432 960 2484 abinus
977 2430 1075 2484 Asilius
1092 2429 1296 2484 venustissimus
1312 2429 1371 2481 inter

296 2503 412 2556 rhetores
429 2515 517 2554 searra
