3417 4934
337 478 357 536 8
798 478 952 534 Pereunt]

337 673 398 715 nou
420 661 464 715 est
479 653 628 715 maculosa
643 671 699 715 nec
717 652 842 733 turgida,
860 654 911 714 sed
927 651 1054 715 naturali
1069 651 1291 732 pulchritudine
1306 672 1409 716 exsur·
1421 668 1453 715 ι

298 751 312 798 7
335 739 387 818 git.
423 757 520 819 nuper
534 747 656 800 ventosa
672 739 761 801 istaec
777 748 807 799 et
822 738 954 801 enormis
969 738 1132 818 loquacitas
1146 739 1277 801 Athenas
1292 758 1329 802 ex
1343 740 1409 803 Asia

335 825 537 904 commigravit
565 824 740 904 animosque
769 825 908 886 iuvenum
938 826 974 886 ad
1002 842 1109 903 magna
1137 833 1293 903 surgentes
1320 826 1409 888 ueluti

335 910 485 991 pestilenti
508 910 635 991 quodam
651 910 748 973 sidere
763 910 881 986 afflavit,
903 910 1054 989 semelque
1069 919 1208 990 corrupta
1224 911 1326 990 regula
1348 912 1410 973 elo·

297 1005 312 1056 8
335 997 458 1076 quentia
472 995 554 1058 stetit
569 1004 598 1058 et
614 996 773 1062 obmutuit.
796 995 833 1057 ad
848 1014 1003 1072 summam,
1020 995 1086 1075 quis
1102 1004 1205 1076 postea
1220 996 1409 1078 Thucydidis,
1440 1008 1453 1055 ε

335 1082 401 1162 quis
417 1082 574 1162 Hyperidis
589 1082 625 1143 ad
641 1083 748 1143 famam
763 1080 930 1163 prooessit?
961 1101 995 1145 ac
1011 1101 1050 1144 ne
1066 1099 1186 1143 carmen
1204 1082 1323 1162 quidem
1345 1084 1409 1145 sani

334 1168 443 1231 coloris
459 1167 575 1248 enituit,
591 1167 642 1229 sed
659 1168 757 1230 omnia
773 1168 858 1249 quasi
873 1169 978 1230 eodem
994 1167 1060 1228 cibo
1076 1177 1159 1248 pasta
1170 1187 1232 1229 nou
1244 1176 1411 1248 potueruut

296 1262 311 1312 9
333 1272 430 1333 usque
444 1254 480 1315 ad
496 1261 681 1316 senectutem
698 1272 867 1316 canescere.
900 1254 1017 1334 pictura
1033 1272 1153 1334 quoque
1169 1273 1230 1315 non
1246 1254 1334 1315 alium
1352 1255 1411 1316 exi·

333 1348 395 1402 tum
408 1339 487 1416 lecit,
498 1347 657 1421 postquam
670 1340 883 1422 Aegyptiorum
896 1340 1017 1402 audacia
1028 1347 1088 1401 tam
1103 1358 1227 1419 magnae
1242 1340 1313 1402 artis
1327 1359 1408 1403 com·

332 1425 516 1506 peudiariam
535 1419 667 1488 invenit?
1432 1435 1453 1486 tt

294 1507 316 1574 3
418 1531 480 1573 uon
492 1521 538 1573 est
548 1513 867 1591 passusdgamemuou
880 1530 927 1572 me
940 1509 1050 1572 diutius
1061 1509 1226 1572 declamare
1237 1509 1267 1571 iu
1281 1510 1408 1589 porticu,

332 1616 420 1678 quam
437 1598 501 1678 ipse
517 1597 548 1658 in
565 1598 665 1659 sebola
680 1599 844 1672 sudaverat,
867 1598 919 1659 sed
933 1592 1127 1659 ‘adulescens’
1142 1596 1241 1676 inquit
1256 1595 1407 1676 ‘quoniam

331 1701 500 1745 sermonem
525 1683 615 1745 habes
638 1702 699 1745 uon
724 1683 835 1763 publici
859 1683 974 1763 saporis
995 1691 1035 1757 et,
1058 1682 1139 1762 quod
1154 1682 1338 1744 rarissimum
1353 1691 1407 1756 est,

294 1779 309 1829 2
330 1788 411 1831 amas
426 1769 536 1831 bonam
552 1776 693 1845 mentem,
709 1789 770 1831 nou
787 1768 931 1831 fraudabo
947 1778 976 1830 te
992 1777 1055 1830 arte
1070 1778 1193 1831 secreta.
1223 1767 1298 1829 nibil
1318 1768 1406 1829 uimi-

330 1873 398 1916 rum
413 1855 444 1916 iu
460 1854 507 1916 his
522 1854 785 1918 exercitationibus
800 1855 939 1917 doctores
950 1861 1086 1935 peccaut,
1102 1854 1153 1933 qui
1166 1872 1287 1915 necesse
1297 1852 1408 1915 babent
1429 1866 1451 1916 15

331 1959 398 2002 cum
415 1940 635 2002 insanientibus
651 1941 760 2003 furere.
799 1960 868 2002 nam
884 1940 942 2002 uisi
957 1940 1087 2002 dixerint
1102 1959 1177 2020 quae
1193 1939 1406 2002 adulescentuli

291 2036 306 2086 a
329 2027 469 2106 probent,
485 2034 518 2088 ut
526 2026 566 2087 ait
577 2026 690 2107 Cicero,
707 2027 781 2089 “soli
793 2027 824 2088 iu
840 2026 951 2089 scholis
966 2024 1203 2106 relinquentur”.
1227 2026 1304 2087 sieut
1321 2020 1406 2111 [ficti]

329 2112 497 2175 adulatores
518 2130 587 2174 eum
610 2131 699 2174 cenas
722 2112 844 2173 divitum
867 2120 995 2192 captant,
1024 2112 1097 2173 nibil
1119 2111 1203 2191 prius
1224 2110 1407 2174 meditantur

329 2217 418 2277 quam
434 2196 463 2259 id
478 2198 558 2277 quod
581 2204 689 2278 putant
710 2197 911 2277 gratissimum
930 2196 1115 2258 auditoribus
1137 2198 1218 2258 lore:
1246 2214 1302 2257 uec
1325 2198 1406 2259 enim

328 2285 414 2347 aliter
434 2282 639 2363 impetrabunt
661 2285 740 2364 quod
763 2291 880 2363 petunt,
905 2283 962 2344 uisi
985 2283 1124 2361 quasdam
1147 2282 1269 2344 insidias
1286 2284 1408 2347 auribus
1428 2295 1453 2345 at

291 2380 306 2429 4
328 2369 472 2432 feceriut:
487 2369 530 2431 sic
542 2369 730 2449 eloquentiae
741 2369 892 2449 magister,
910 2367 1119 2449 uisitauquam
1130 2368 1261 2448 piscator
1272 2386 1337 2430 eam
1350 2370 1405 2431 im-

328 2456 463 2536 posuerit
476 2455 571 2517 bamis
586 2474 693 2531 escam,
716 2472 804 2534 quam
820 2455 921 2517 scierit
942 2455 1127 2535 appetituros
1149 2472 1214 2517 esse
1236 2455 1405 2534 pisciculos,

290 2536 312 2601 4
327 2542 392 2604 sine
415 2559 467 2623 spe
490 2540 615 2622 praedae
637 2541 803 2603 morabitur
817 2541 848 2602 in
864 2540 998 2620 scopulo.
1034 2540 1106 2621 quid
1120 2558 1192 2619 ergo
1208 2537 1275 2602 esti
1295 2560 1405 2621 pareu-

327 2638 372 2690 tes
388 2625 595 2706 obiurgatione
610 2627 691 2707 digni
708 2637 788 2703 suut,
813 2626 864 2706 qui
880 2626 1113 2689 noluntliberos
1128 2646 1198 2689 suos
1217 2645 1318 2688 severa
1340 2627 1406 2705 lege

291 2723 305 2772 2
327 2716 485 2794 prolicere.
519 2714 650 2794 primum
665 2714 745 2775 eninr
761 2714 805 2776 sie
820 2724 854 2776 ut
869 2712 980 2787 omnia,
1002 2731 1071 2792 spes
1094 2730 1214 2792 quoque
1229 2730 1297 2774 suas
1312 2712 1408 2774 ambi·
1429 2724 1453 2774 2⁵

329 2801 404 2861 tioni
419 2801 541 2861 donant.
565 2799 671 2861 deiude
687 2817 755 2860 eum
772 2797 808 2860 ad
822 2805 890 2859 vota
904 2806 1078 2878 properant,
1094 2796 1185 2858 cruda
1200 2797 1297 2858 adbuc
1311 2798 1409 2860 studia

329 2886 360 2947 iu
384 2886 483 2946 forum
505 2884 621 2964 pellunt
644 2894 674 2945 et
696 2883 908 2962 eloquentiam,
931 2900 990 2961 qua
1013 2882 1087 2943 nibil
1109 2901 1173 2943 esse
1195 2883 1290 2944 maius
1312 2885 1409 2946 conil-

292 2981 306 3029 3
328 2978 440 3044 tentur,
463 2970 564 3050 pueris
586 2969 717 3030 induunt
739 2968 835 3030 adbuc
858 2967 1061 3030 nascentibus.
1091 2969 1211 3047 quodsi
1233 2977 1410 3050 paterentur

328 3056 464 3117 laborum
479 3054 588 3133 gradus
603 3054 677 3129 fieri,
702 3062 734 3116 ut
749 3054 873 3116 studiosi
888 3054 1010 3116 iuvenes
1028 3053 1156 3115 lectione
1178 3072 1278 3116 severa
1301 3054 1407 3135 irriga·

329 3150 443 3216 rentur,
468 3150 500 3202 ut
519 3140 681 3220 sapientiae
703 3140 871 3221 praeceptis
885 3140 1001 3202 animos
1016 3150 1241 3220 componerent,
1265 3149 1297 3201 ut
1319 3142 1408 3203 verba
1429 3156 1453 3205 3(

330 3228 423 3289 atroci
439 3226 506 3289 stilo
523 3227 698 3301 effoderent,
720 3236 754 3288 ut
777 3227 857 3306 quod
873 3226 982 3288 vellent
1002 3226 1110 3287 imitari
1134 3226 1184 3287 diu
1206 3226 1352 3301 audirent,
1374 3237 1408 3289 ut

329 3314 534 3396 persuaderent
543 3311 599 3375 sibi
610 3312 685 3374 nibil
697 3330 762 3375 esse
776 3312 977 3393 magnificum,
988 3312 1067 3391 quod
1080 3311 1181 3391 pueris
1191 3312 1337 3392 placeret:
1349 3314 1406 3373 iam

292 3411 307 3459 4
329 3400 378 3461 illa
393 3399 515 3480 grandis
531 3399 624 3460 oratio
640 3397 766 3461 haberet
780 3398 939 3460 maiestatis
962 3415 1032 3459 suae
1055 3399 1185 3477 pondus.
1223 3416 1305 3460 nuno
1321 3399 1408 3478 pueri

330 3486 361 3547 iu
378 3485 487 3547 sobolis
502 3484 618 3559 ludunt,
633 3485 756 3546 iuuenes
771 3483 906 3545 ridentur
920 3484 951 3545 iu
967 3484 1041 3560 loro,
1058 3493 1088 3546 et
1103 3484 1184 3563 quod
1199 3494 1329 3564 utroque
1343 3492 1408 3546 tur·

330 3571 399 3651 pius
421 3578 474 3646 est,
498 3571 578 3649 quod
602 3570 728 3650 quisque
746 3588 904 3650 perperam
920 3568 1032 3642 didicit,
1054 3570 1086 3630 iu
1102 3579 1256 3633 senectute
1271 3570 1409 3632 confiteri
1430 3583 1453 3632 at

294 3669 308 3716 5
332 3676 392 3718 non
410 3656 480 3718 vult.
511 3654 561 3717 sed
580 3674 618 3717 ne
634 3675 681 3717 me
696 3664 784 3736 putes
799 3654 983 3735 improbasse
999 3656 1151 3717 schedium
1167 3655 1337 3718 Lucilianae
1351 3654 1408 3716 bu-

331 3742 472 3820 militatis,
486 3741 566 3821 quod
581 3742 687 3817 sentio,
704 3749 733 3802 et
747 3741 811 3822 ipse
826 3740 957 3802 carmine
972 3741 1128 3822 effingam:

417 3930 433 3980 2
451 3928 532 3979 istaec
551 3927 662 3978 omisere
681 3926 752 3992 ⁰l4
770 3925 935 3993 eloquentiae
952 3926 1039 3991 regule
1053 3926 1092 3992 pb
1110 3925 1154 3992 qui
1178 3927 1268 3991 postea
1287 3923 1319 3975 ad
1339 3939 1407 3977 sum-

332 4010 398 4047 mam
422 3994 585 4064 tbucididisll
607 3997 638 4049 14
658 3995 789 4046 minimum
809 4010 862 4060 pro
881 3994 997 4046 nimirum
1018 3993 1165 4045 Guilelmus
1184 3992 1194 4060 l
1222 3994 1252 4044 16
1271 4008 1328 4045 nam
1348 3994 1407 4057 uisi]

331 4068 462 4131 quattuor·
485 4081 554 4130 quoe
575 4068 704 4115 secuntur
726 4063 853 4129 periodos
872 4066 903 4113 io
924 4064 995 4115 lunc
1018 4062 1139 4113 ordinem
1162 4062 1286 4112 redactae
1304 4079 1358 4112 esse
1374 4066 1408 4113 ab

332 4137 508 4199 epitomatore
527 4134 658 4184 librorum
676 4132 807 4197 quaedam
825 4135 940 4197 vestigia
951 4133 1067 4198 probant
1080 4128 1090 4196 l
1103 4132 1134 4181 ll
1147 4129 1236 4182 Cicero
1253 4146 1304 4196 pro
1318 4130 1408 4184 Coelio

330 4203 369 4267 ⁴7,
380 4202 417 4323 dib
424 4201 433 4268 ΙΙ
448 4204 484 4321 lq
493 4202 632 4253 ambitione
644 4200 654 4268 l
668 4201 699 4252 nt
712 4200 850 4268 impellunt
861 4200 916 4267 tu,
927 4198 1077 4267 propellunt
1091 4197 1274 4250 Tornaesiana
1286 4197 1297 4267 Ι
1311 4201 1344 4253 28
1357 4198 1408 4251 dis-

332 4271 449 4323 centius
481 4272 579 4322 eloim
