<?xml version="1.0" encoding="UTF-8"?>
<!DOCTYPE html PUBLIC "-//W3C//DTD XHTML 1.0 Transitional//EN"
    "http://www.w3.org/TR/xhtml1/DTD/xhtml1-transitional.dtd">
<html xmlns="http://www.w3.org/1999/xhtml" xml:lang="en" lang="en">
 <head>
  <title>
</title>
<meta http-equiv="Content-Type" content="text/html;charset=utf-8" />
  <meta name='ocr-system' content='tesseract 3.04.00' />
  <meta name='ocr-capabilities' content='ocr_page ocr_carea ocr_par ocr_line ocrx_word'/>
</head>
<body>
  <div class='ocr_page' id='page_1' title='image "./petroniisaturae00varrgoog_0167.png"; bbox 0 0 3417 4934; ppageno 0'>
   <div class='ocr_carea' id='block_1_1' title="bbox 651 447 794 504">
    <p class='ocr_par' dir='ltr' id='par_1_1' title="bbox 651 447 794 504">
     <span class='ocr_line' id='line_1_1' title="bbox 651 447 794 504; baseline 0 -1"><span class='ocrx_word' id='word_1_1' title='bbox 651 447 794 504; x_wconf 70' lang='lat' dir='ltr'><strong>amaena</strong></span> 
     </span>
    </p>
   </div>
   <div class='ocr_carea' id='block_1_2' title="bbox 673 618 780 683">
    <p class='ocr_par' dir='ltr' id='par_1_2' title="bbox 673 618 780 683">
     <span class='ocr_line' id='line_1_2' title="bbox 673 618 780 683; baseline 0.028 -3"><span class='ocrx_word' id='word_1_2' title='bbox 673 618 780 683; x_wconf 88' lang='lat' dir='ltr'><strong>Lllllll</strong></span> 
     </span>
    </p>
   </div>
   <div class='ocr_carea' id='block_1_3' title="bbox 288 719 854 973">
    <p class='ocr_par' dir='ltr' id='par_1_3' title="bbox 288 719 854 973">
     <span class='ocr_line' id='line_1_3' title="bbox 289 719 821 792; baseline 0.006 -10"><span class='ocrx_word' id='word_1_3' title='bbox 289 719 414 792; x_wconf 82' lang='lat' dir='ltr'><strong>Quidam</strong></span> <span class='ocrx_word' id='word_1_4' title='bbox 428 721 551 784; x_wconf 85' lang='lat' dir='ltr'><strong>mollier</strong></span> <span class='ocrx_word' id='word_1_5' title='bbox 565 722 679 784; x_wconf 84' lang='lat' dir='ltr'><strong>auseris</strong></span> <span class='ocrx_word' id='word_1_6' title='bbox 694 722 821 785; x_wconf 79' lang='lat' dir='ltr'>medulla</span> 
     </span>
     <span class='ocr_line' id='line_1_4' title="bbox 288 806 854 887; baseline 0.012 -21"><span class='ocrx_word' id='word_1_7' title='bbox 288 806 419 868; x_wconf 83' lang='lat' dir='ltr'><strong>iuratum</strong></span> <span class='ocrx_word' id='word_1_8' title='bbox 434 806 517 869; x_wconf 86' lang='lat' dir='ltr'><strong>venit</strong></span> <span class='ocrx_word' id='word_1_9' title='bbox 532 806 592 868; x_wconf 89' lang='lat' dir='ltr'><strong>huc</strong></span> <span class='ocrx_word' id='word_1_10' title='bbox 606 824 709 869; x_wconf 82' lang='lat' dir='ltr'><strong>amere</strong></span> <span class='ocrx_word' id='word_1_11' title='bbox 723 825 854 887; x_wconf 87' lang='lat' dir='ltr'><strong>pccuae:</strong></span> 
     </span>
     <span class='ocr_line' id='line_1_5' title="bbox 288 890 819 973; baseline 0.008 -20"><span class='ocrx_word' id='word_1_12' title='bbox 288 892 405 953; x_wconf 86' lang='lat' dir='ltr'><strong>furetur</strong></span> <span class='ocrx_word' id='word_1_13' title='bbox 419 890 491 953; x_wconf 86' lang='lat' dir='ltr'><strong>licet</strong></span> <span class='ocrx_word' id='word_1_14' title='bbox 504 910 609 973; x_wconf 86' lang='lat' dir='ltr'><strong>usque,</strong></span> <span class='ocrx_word' id='word_1_15' title='bbox 624 911 687 955; x_wconf 87' lang='lat' dir='ltr'><strong>non</strong></span> <span class='ocrx_word' id='word_1_16' title='bbox 702 892 819 957; x_wconf 86' lang='lat' dir='ltr'><strong>videbo.</strong></span> 
     </span>
    </p>
   </div>
   <div class='ocr_carea' id='block_1_4' title="bbox 689 1044 763 1107">
    <p class='ocr_par' dir='ltr' id='par_1_4' title="bbox 689 1044 763 1107">
     <span class='ocr_line' id='line_1_6' title="bbox 689 1044 763 1107; baseline -0.054 1"><span class='ocrx_word' id='word_1_17' title='bbox 689 1044 763 1107; x_wconf 83' lang='lat' dir='ltr'><strong>txv</strong></span> 
     </span>
    </p>
   </div>
   <div class='ocr_carea' id='block_1_5' title="bbox 289 1145 1094 1478">
    <p class='ocr_par' dir='ltr' id='par_1_5' title="bbox 289 1145 991 1313">
     <span class='ocr_line' id='line_1_7' title="bbox 289 1145 991 1230; baseline 0.006 -21"><span class='ocrx_word' id='word_1_18' title='bbox 289 1146 343 1209; x_wconf 85' lang='lat' dir='ltr'><strong>llic</strong></span> <span class='ocrx_word' id='word_1_19' title='bbox 357 1145 422 1229; x_wconf 85' lang='lat' dir='ltr'><strong>tibi,</strong></span> <span class='ocrx_word' id='word_1_20' title='bbox 436 1146 487 1227; x_wconf 89' lang='lat' dir='ltr'><strong>qui</strong></span> <span class='ocrx_word' id='word_1_21' title='bbox 503 1154 604 1210; x_wconf 81' lang='lat' dir='ltr'><strong>rostro</strong></span> <span class='ocrx_word' id='word_1_22' title='bbox 619 1148 786 1211; x_wconf 85' lang='lat' dir='ltr'><strong>crescentia</strong></span> <span class='ocrx_word' id='word_1_23' title='bbox 800 1149 860 1212; x_wconf 88' lang='lat' dir='ltr'><strong>lilia</strong></span> <span class='ocrx_word' id='word_1_24' title='bbox 876 1150 991 1230; x_wconf 74' lang='lat' dir='ltr'><strong>mersit,</strong></span> 
     </span>
     <span class='ocr_line' id='line_1_8' title="bbox 330 1231 972 1313; baseline 0.009 -21"><span class='ocrx_word' id='word_1_25' title='bbox 330 1231 464 1294; x_wconf 78' lang='lat' dir='ltr'><strong>caeditur</strong></span> <span class='ocrx_word' id='word_1_26' title='bbox 479 1251 496 1293; x_wconf 88' lang='lat' dir='ltr'><strong>c</strong></span> <span class='ocrx_word' id='word_1_27' title='bbox 510 1231 611 1312; x_wconf 85' lang='lat' dir='ltr'><strong>tepida</strong></span> <span class='ocrx_word' id='word_1_28' title='bbox 626 1233 743 1295; x_wconf 84' lang='lat' dir='ltr'><strong>victima</strong></span> <span class='ocrx_word' id='word_1_29' title='bbox 759 1253 870 1313; x_wconf 79' lang='lat' dir='ltr'><strong>porcus</strong></span> <span class='ocrx_word' id='word_1_30' title='bbox 885 1236 972 1298; x_wconf 83' lang='lat' dir='ltr'><strong>hara:</strong></span> 
     </span>
    </p>

    <p class='ocr_par' dir='ltr' id='par_1_6' title="bbox 289 1318 1094 1478">
     <span class='ocr_line' id='line_1_9' title="bbox 289 1318 1094 1404; baseline 0.006 -26"><span class='ocrx_word' id='word_1_31' title='bbox 289 1335 327 1378; x_wconf 89' lang='lat' dir='ltr'><strong>ne</strong></span> <span class='ocrx_word' id='word_1_32' title='bbox 341 1324 442 1379; x_wconf 87' lang='lat' dir='ltr'><strong>tamen</strong></span> <span class='ocrx_word' id='word_1_33' title='bbox 458 1319 630 1380; x_wconf 81' lang='lat' dir='ltr'><strong>exanimum</strong></span> <span class='ocrx_word' id='word_1_34' title='bbox 646 1318 736 1380; x_wconf 83' lang='lat' dir='ltr'><strong>iacias</strong></span> <span class='ocrx_word' id='word_1_35' title='bbox 751 1339 844 1399; x_wconf 87' lang='lat' dir='ltr'><strong>pecus</strong></span> <span class='ocrx_word' id='word_1_36' title='bbox 860 1340 963 1395; x_wconf 84' lang='lat' dir='ltr'><strong>omne,</strong></span> <span class='ocrx_word' id='word_1_37' title='bbox 978 1321 1094 1404; x_wconf 78' lang='lat' dir='ltr'>Priape,</span> 
     </span>
     <span class='ocr_line' id='line_1_10' title="bbox 328 1402 875 1478; baseline 0.011 -14"><span class='ocrx_word' id='word_1_38' title='bbox 328 1402 408 1464; x_wconf 85' lang='lat' dir='ltr'><strong>horti</strong></span> <span class='ocrx_word' id='word_1_39' title='bbox 423 1403 472 1478; x_wconf 88' lang='lat' dir='ltr'><strong>sit,</strong></span> <span class='ocrx_word' id='word_1_40' title='bbox 486 1403 588 1477; x_wconf 84' lang='lat' dir='ltr'><strong>facias,</strong></span> <span class='ocrx_word' id='word_1_41' title='bbox 603 1404 691 1465; x_wconf 86' lang='lat' dir='ltr'><strong>ianua</strong></span> <span class='ocrx_word' id='word_1_42' title='bbox 707 1404 806 1468; x_wconf 88' lang='lat' dir='ltr'><strong>clausa</strong></span> <span class='ocrx_word' id='word_1_43' title='bbox 820 1406 875 1470; x_wconf 86' lang='lat' dir='ltr'><strong>tui.</strong></span> 
     </span>
    </p>
   </div>
   <div class='ocr_carea' id='block_1_6' title="bbox 679 1556 769 1621">
    <p class='ocr_par' dir='ltr' id='par_1_7' title="bbox 679 1556 769 1621">
     <span class='ocr_line' id='line_1_11' title="bbox 679 1556 769 1621; baseline 0.033 -3"><span class='ocrx_word' id='word_1_44' title='bbox 679 1556 769 1621; x_wconf 82' lang='lat' dir='ltr'>LXVI</span> 
     </span>
    </p>
   </div>
   <div class='ocr_carea' id='block_1_7' title="bbox 287 1656 862 1995">
    <p class='ocr_par' dir='ltr' id='par_1_8' title="bbox 287 1656 862 1995">
     <span class='ocr_line' id='line_1_12' title="bbox 288 1656 862 1736; baseline 0.009 -19"><span class='ocrx_word' id='word_1_45' title='bbox 288 1656 343 1732; x_wconf 84' lang='lat' dir='ltr'><strong>Tu,</strong></span> <span class='ocrx_word' id='word_1_46' title='bbox 359 1675 435 1736; x_wconf 87' lang='lat' dir='ltr'><strong>quae</strong></span> <span class='ocrx_word' id='word_1_47' title='bbox 450 1677 490 1721; x_wconf 90' lang='lat' dir='ltr'><strong>ne</strong></span> <span class='ocrx_word' id='word_1_48' title='bbox 507 1657 606 1721; x_wconf 84' lang='lat' dir='ltr'><strong>videas</strong></span> <span class='ocrx_word' id='word_1_49' title='bbox 621 1666 723 1721; x_wconf 86' lang='lat' dir='ltr'><strong>notam</strong></span> <span class='ocrx_word' id='word_1_50' title='bbox 737 1659 862 1734; x_wconf 83' lang='lat' dir='ltr'><strong>virilem,</strong></span> 
     </span>
     <span class='ocr_line' id='line_1_13' title="bbox 287 1742 843 1826; baseline 0.005 -23"><span class='ocrx_word' id='word_1_51' title='bbox 287 1742 357 1805; x_wconf 87' lang='lat' dir='ltr'><strong>hinc</strong></span> <span class='ocrx_word' id='word_1_52' title='bbox 373 1744 524 1821; x_wconf 84' lang='lat' dir='ltr'><strong>avertaris,</strong></span> <span class='ocrx_word' id='word_1_53' title='bbox 540 1753 574 1807; x_wconf 95' lang='lat' dir='ltr'><strong>ut</strong></span> <span class='ocrx_word' id='word_1_54' title='bbox 588 1744 676 1807; x_wconf 86' lang='lat' dir='ltr'><strong>dccet</strong></span> <span class='ocrx_word' id='word_1_55' title='bbox 689 1744 843 1826; x_wconf 88' lang='lat' dir='ltr'><strong>pudicam:</strong></span> 
     </span>
     <span class='ocr_line' id='line_1_14' title="bbox 288 1828 825 1909; baseline 0.006 -19"><span class='ocrx_word' id='word_1_56' title='bbox 288 1848 303 1890; x_wconf 92' lang='lat' dir='ltr'><strong>a</strong></span> <span class='ocrx_word' id='word_1_57' title='bbox 318 1829 428 1891; x_wconf 83' lang='lat' dir='ltr'><strong>mirum</strong></span> <span class='ocrx_word' id='word_1_58' title='bbox 444 1828 501 1891; x_wconf 91' lang='lat' dir='ltr'><strong>nisi</strong></span> <span class='ocrx_word' id='word_1_59' title='bbox 518 1830 599 1909; x_wconf 88' lang='lat' dir='ltr'><strong>quod</strong></span> <span class='ocrx_word' id='word_1_60' title='bbox 614 1830 701 1892; x_wconf 84' lang='lat' dir='ltr'><strong>times</strong></span> <span class='ocrx_word' id='word_1_61' title='bbox 715 1830 825 1905; x_wconf 82' lang='lat' dir='ltr'><strong>videre,</strong></span> 
     </span>
     <span class='ocr_line' id='line_1_15' title="bbox 288 1914 835 1995; baseline 0.004 -20"><span class='ocrx_word' id='word_1_62' title='bbox 288 1914 365 1976; x_wconf 80' lang='lat' dir='ltr'><strong>intra</strong></span> <span class='ocrx_word' id='word_1_63' title='bbox 380 1914 494 1978; x_wconf 82' lang='lat' dir='ltr'><strong>viscera</strong></span> <span class='ocrx_word' id='word_1_64' title='bbox 509 1914 621 1978; x_wconf 78' lang='lat' dir='ltr'><strong>habere</strong></span> <span class='ocrx_word' id='word_1_65' title='bbox 635 1916 835 1995; x_wconf 74' lang='lat' dir='ltr'><strong>concupiscis.</strong></span> 
     </span>
    </p>
   </div>
   <div class='ocr_carea' id='block_1_8' title="bbox 675 2067 779 2131">
    <p class='ocr_par' dir='ltr' id='par_1_9' title="bbox 675 2067 779 2131">
     <span class='ocr_line' id='line_1_16' title="bbox 675 2067 779 2131; baseline -0.01 -1"><span class='ocrx_word' id='word_1_66' title='bbox 675 2067 779 2131; x_wconf 81' lang='lat' dir='ltr'><strong>vau</strong></span> 
     </span>
    </p>
   </div>
   <div class='ocr_carea' id='block_1_9' title="bbox 288 2169 1095 2509">
    <p class='ocr_par' dir='ltr' id='par_1_10' title="bbox 288 2169 1095 2509">
     <span class='ocr_line' id='line_1_17' title="bbox 288 2169 1005 2253; baseline 0.006 -22"><span class='ocrx_word' id='word_1_67' title='bbox 288 2169 454 2252; x_wconf 86' lang='lat' dir='ltr'><strong>Penelopes</strong></span> <span class='ocrx_word' id='word_1_68' title='bbox 469 2170 597 2250; x_wconf 85' lang='lat' dir='ltr'><strong>primam</strong></span> <span class='ocrx_word' id='word_1_69' title='bbox 611 2169 737 2234; x_wconf 83' lang='lat' dir='ltr'>Didonis</span> <span class='ocrx_word' id='word_1_70' title='bbox 751 2172 847 2251; x_wconf 83' lang='lat' dir='ltr'><strong>prima</strong></span> <span class='ocrx_word' id='word_1_71' title='bbox 862 2182 1005 2253; x_wconf 83' lang='lat' dir='ltr'><strong>sequatur</strong></span> 
     </span>
     <span class='ocr_line' id='line_1_18' title="bbox 330 2254 962 2337; baseline 0.003 -20"><span class='ocrx_word' id='word_1_72' title='bbox 330 2265 360 2317; x_wconf 87' lang='lat' dir='ltr'><strong>et</strong></span> <span class='ocrx_word' id='word_1_73' title='bbox 373 2256 499 2336; x_wconf 83' lang='lat' dir='ltr'><strong>primam</strong></span> <span class='ocrx_word' id='word_1_74' title='bbox 515 2254 615 2318; x_wconf 81' lang='lat' dir='ltr'><strong>Cadmi</strong></span> <span class='ocrx_word' id='word_1_75' title='bbox 630 2255 741 2337; x_wconf 77' lang='lat' dir='ltr'><strong>syllaba</strong></span> <span class='ocrx_word' id='word_1_76' title='bbox 756 2257 851 2336; x_wconf 85' lang='lat' dir='ltr'><strong>prima</strong></span> <span class='ocrx_word' id='word_1_77' title='bbox 867 2257 962 2332; x_wconf 85' lang='lat' dir='ltr'><strong>Remi,</strong></span> 
     </span>
     <span class='ocr_line' id='line_1_19' title="bbox 289 2340 1095 2422; baseline 0.005 -20"><span class='ocrx_word' id='word_1_78' title='bbox 289 2340 429 2421; x_wconf 87' lang='lat' dir='ltr'><strong>quodque</strong></span> <span class='ocrx_word' id='word_1_79' title='bbox 443 2342 478 2403; x_wconf 83' lang='lat' dir='ltr'><strong>fit</strong></span> <span class='ocrx_word' id='word_1_80' title='bbox 492 2359 528 2402; x_wconf 82' lang='lat' dir='ltr'><strong>ex</strong></span> <span class='ocrx_word' id='word_1_81' title='bbox 543 2341 610 2416; x_wconf 85' lang='lat' dir='ltr'><strong>illis,</strong></span> <span class='ocrx_word' id='word_1_82' title='bbox 627 2341 698 2404; x_wconf 89' lang='lat' dir='ltr'><strong>mihi</strong></span> <span class='ocrx_word' id='word_1_83' title='bbox 714 2350 747 2402; x_wconf 93' lang='lat' dir='ltr'><strong>tu</strong></span> <span class='ocrx_word' id='word_1_84' title='bbox 763 2342 932 2422; x_wconf 87' lang='lat' dir='ltr'><strong>deprensus</strong></span> <span class='ocrx_word' id='word_1_85' title='bbox 948 2343 980 2404; x_wconf 89' lang='lat' dir='ltr'><strong>in</strong></span> <span class='ocrx_word' id='word_1_86' title='bbox 996 2345 1095 2418; x_wconf 82' lang='lat' dir='ltr'><strong>horte,</strong></span> 
     </span>
     <span class='ocr_line' id='line_1_20' title="bbox 329 2425 1057 2509; baseline -0.001 -20"><span class='ocrx_word' id='word_1_87' title='bbox 329 2428 388 2502; x_wconf 82' lang='lat' dir='ltr'><strong>fur,</strong></span> <span class='ocrx_word' id='word_1_88' title='bbox 403 2425 506 2489; x_wconf 80' lang='lat' dir='ltr'><strong>dabisa</strong></span> <span class='ocrx_word' id='word_1_89' title='bbox 522 2426 578 2489; x_wconf 88' lang='lat' dir='ltr'><strong>hac</strong></span> <span class='ocrx_word' id='word_1_90' title='bbox 592 2444 691 2509; x_wconf 89' lang='lat' dir='ltr'><strong>poena</strong></span> <span class='ocrx_word' id='word_1_91' title='bbox 707 2427 796 2508; x_wconf 92' lang='lat' dir='ltr'><strong>culpa</strong></span> <span class='ocrx_word' id='word_1_92' title='bbox 810 2427 921 2490; x_wconf 90' lang='lat' dir='ltr'><strong>luenda</strong></span> <span class='ocrx_word' id='word_1_93' title='bbox 938 2435 1057 2491; x_wconf 85' lang='lat' dir='ltr'><strong>tuaest.</strong></span> 
     </span>
    </p>
   </div>
   <div class='ocr_carea' id='block_1_10' title="bbox 666 2578 784 2643">
    <p class='ocr_par' dir='ltr' id='par_1_11' title="bbox 666 2578 784 2643">
     <span class='ocr_line' id='line_1_21' title="bbox 666 2578 784 2643; baseline 0 -1"><span class='ocrx_word' id='word_1_94' title='bbox 666 2578 784 2643; x_wconf 85' lang='lat' dir='ltr'><strong>LXVlll</strong></span> 
     </span>
    </p>
   </div>
   <div class='ocr_carea' id='block_1_11' title="bbox 287 2679 1238 3871">
    <p class='ocr_par' dir='ltr' id='par_1_12' title="bbox 287 2679 1238 3871">
     <span class='ocr_line' id='line_1_22' title="bbox 288 2679 963 2761; baseline 0.003 -20"><span class='ocrx_word' id='word_1_95' title='bbox 288 2679 428 2743; x_wconf 82' lang='lat' dir='ltr'><strong>Rusticus</strong></span> <span class='ocrx_word' id='word_1_96' title='bbox 443 2680 565 2743; x_wconf 86' lang='lat' dir='ltr'><strong>indocte</strong></span> <span class='ocrx_word' id='word_1_97' title='bbox 580 2680 605 2743; x_wconf 93' lang='lat' dir='ltr'><strong>si</strong></span> <span class='ocrx_word' id='word_1_98' title='bbox 621 2681 691 2761; x_wconf 90' lang='lat' dir='ltr'><strong>quid</strong></span> <span class='ocrx_word' id='word_1_99' title='bbox 706 2682 816 2744; x_wconf 84' lang='lat' dir='ltr'><strong>dixisse</strong></span> <span class='ocrx_word' id='word_1_100' title='bbox 830 2681 963 2758; x_wconf 83' lang='lat' dir='ltr'><strong>videbor,</strong></span> 
     </span>
     <span class='ocr_line' id='line_1_23' title="bbox 330 2766 994 2848; baseline 0 -20"><span class='ocrx_word' id='word_1_101' title='bbox 330 2766 366 2828; x_wconf 91' lang='lat' dir='ltr'><strong>da</strong></span> <span class='ocrx_word' id='word_1_102' title='bbox 382 2766 518 2830; x_wconf 86' lang='lat' dir='ltr'><strong>veniam:</strong></span> <span class='ocrx_word' id='word_1_103' title='bbox 533 2766 626 2828; x_wconf 87' lang='lat' dir='ltr'><strong>libros</strong></span> <span class='ocrx_word' id='word_1_104' title='bbox 642 2785 704 2829; x_wconf 86' lang='lat' dir='ltr'><strong>non</strong></span> <span class='ocrx_word' id='word_1_105' title='bbox 720 2768 797 2847; x_wconf 81' lang='lat' dir='ltr'><strong>lego,</strong></span> <span class='ocrx_word' id='word_1_106' title='bbox 811 2786 900 2848; x_wconf 88' lang='lat' dir='ltr'><strong>poma</strong></span> <span class='ocrx_word' id='word_1_107' title='bbox 916 2768 994 2848; x_wconf 78' lang='lat' dir='ltr'><strong>lego.</strong></span> 
     </span>
     <span class='ocr_line' id='line_1_24' title="bbox 288 2849 1080 2934; baseline 0.003 -21"><span class='ocrx_word' id='word_1_108' title='bbox 288 2849 339 2913; x_wconf 89' lang='lat' dir='ltr'><strong>sed</strong></span> <span class='ocrx_word' id='word_1_109' title='bbox 354 2851 437 2913; x_wconf 83' lang='lat' dir='ltr'><strong>rudis</strong></span> <span class='ocrx_word' id='word_1_110' title='bbox 453 2852 501 2914; x_wconf 88' lang='lat' dir='ltr'><strong>hic</strong></span> <span class='ocrx_word' id='word_1_111' title='bbox 516 2851 673 2915; x_wconf 85' lang='lat' dir='ltr'><strong>dominum</strong></span> <span class='ocrx_word' id='word_1_112' title='bbox 687 2852 799 2915; x_wconf 85' lang='lat' dir='ltr'><strong>totiens</strong></span> <span class='ocrx_word' id='word_1_113' title='bbox 814 2852 917 2915; x_wconf 84' lang='lat' dir='ltr'><strong>audire</strong></span> <span class='ocrx_word' id='word_1_114' title='bbox 932 2854 1080 2934; x_wconf 78' lang='lat' dir='ltr'><strong>legentem</strong></span> 
     </span>
     <span class='ocr_line' id='line_1_25' title="bbox 289 2937 1229 3110; baseline 0.005 -27"><span class='ocrx_word' id='word_1_115' title='bbox 289 2937 952 3110; x_wconf 45' lang='lat' dir='ltr'><strong>Meneggtssgtllldetlnaigisffidcalt?[alfiswic</strong></span> <span class='ocrx_word' id='word_1_116' title='bbox 971 3028 1144 3109; x_wconf 77' lang='grc' dir='ltr'><strong><em>κεραυνόν,</em></strong></span> <span class='ocrx_word' id='word_1_117' title='bbox 1213 3026 1229 3076; x_wconf 82' lang='lat'><strong>⁵</strong></span> 
     </span>
     <span class='ocr_line' id='line_1_26' title="bbox 330 3106 977 3187; baseline 0.011 -19"><span class='ocrx_word' id='word_1_118' title='bbox 330 3115 361 3169; x_wconf 88' lang='lat' dir='ltr'><strong>et</strong></span> <span class='ocrx_word' id='word_1_119' title='bbox 376 3106 455 3187; x_wconf 90' lang='lat' dir='ltr'><strong>quod</strong></span> <span class='ocrx_word' id='word_1_120' title='bbox 473 3127 528 3171; x_wconf 87' lang='lat' dir='ltr'><strong>nes</strong></span> <span class='ocrx_word' id='word_1_121' title='bbox 543 3108 655 3182; x_wconf 86' lang='lat' dir='ltr'><strong>culum,</strong></span> <span class='ocrx_word' id='word_1_122' title='bbox 666 3107 804 3174; x_wconf 76' lang='grc' dir='ltr'><strong><em>κουλεόν</em></strong></span> <span class='ocrx_word' id='word_1_123' title='bbox 820 3110 870 3172; x_wconf 89' lang='lat' dir='ltr'><strong>ille</strong></span> <span class='ocrx_word' id='word_1_124' title='bbox 884 3117 977 3175; x_wconf 84' lang='lat' dir='ltr'><strong>vocat</strong></span> 
     </span>
     <span class='ocr_line' id='line_1_27' title="bbox 288 3190 1065 3280; baseline -0.004 -23"><span class='ocrx_word' id='word_1_125' title='bbox 288 3190 474 3280; x_wconf 79' lang='grc' dir='ltr'><strong><em>μερόαλέον</em></strong></span> <span class='ocrx_word' id='word_1_126' title='bbox 490 3201 571 3255; x_wconf 86' lang='lat' dir='ltr'><strong>certe</strong></span> <span class='ocrx_word' id='word_1_127' title='bbox 589 3194 645 3257; x_wconf 88' lang='lat' dir='ltr'><strong>nisi</strong></span> <span class='ocrx_word' id='word_1_128' title='bbox 661 3212 710 3256; x_wconf 90' lang='lat' dir='ltr'><strong>res</strong></span> <span class='ocrx_word' id='word_1_129' title='bbox 727 3214 788 3256; x_wconf 88' lang='lat' dir='ltr'><strong>non</strong></span> <span class='ocrx_word' id='word_1_130' title='bbox 806 3193 916 3256; x_wconf 88' lang='lat' dir='ltr'><strong>munda</strong></span> <span class='ocrx_word' id='word_1_131' title='bbox 932 3204 1065 3266; x_wconf 83' lang='lat' dir='ltr'><strong>vocatur,</strong></span> 
     </span>
     <span class='ocr_line' id='line_1_28' title="bbox 331 3278 938 3357; baseline 0.002 -17"><span class='ocrx_word' id='word_1_132' title='bbox 331 3286 361 3340; x_wconf 90' lang='lat' dir='ltr'><strong>ct</strong></span> <span class='ocrx_word' id='word_1_133' title='bbox 376 3278 557 3357; x_wconf 88' lang='lat' dir='ltr'><strong>pediconum</strong></span> <span class='ocrx_word' id='word_1_134' title='bbox 572 3280 704 3341; x_wconf 88' lang='lat' dir='ltr'><strong>mentula</strong></span> <span class='ocrx_word' id='word_1_135' title='bbox 719 3280 867 3342; x_wconf 87' lang='lat' dir='ltr'><strong>merdalaa</strong></span> <span class='ocrx_word' id='word_1_136' title='bbox 883 3288 938 3342; x_wconf 85' lang='lat' dir='ltr'><strong>cst.</strong></span> 
     </span>
     <span class='ocr_line' id='line_1_29' title="bbox 288 3361 1035 3447; baseline 0.003 -24"><span class='ocrx_word' id='word_1_137' title='bbox 288 3361 382 3442; x_wconf 81' lang='lat' dir='ltr'><strong>quid?</strong></span> <span class='ocrx_word' id='word_1_138' title='bbox 398 3364 455 3426; x_wconf 88' lang='lat' dir='ltr'><strong>uisi</strong></span> <span class='ocrx_word' id='word_1_139' title='bbox 470 3363 618 3426; x_wconf 85' lang='lat' dir='ltr'><strong>Taenario</strong></span> <span class='ocrx_word' id='word_1_140' title='bbox 633 3364 794 3447; x_wconf 79' lang='lat' dir='ltr'><strong>placuisset</strong></span> <span class='ocrx_word' id='word_1_141' title='bbox 808 3365 916 3427; x_wconf 82' lang='lat' dir='ltr'><strong>Troica</strong></span> <span class='ocrx_word' id='word_1_142' title='bbox 931 3383 1035 3427; x_wconf 89' lang='lat' dir='ltr'><strong>cunno</strong></span> 
     </span>
     <span class='ocr_line' id='line_1_30' title="bbox 329 3449 1238 3531; baseline 0.002 -21"><span class='ocrx_word' id='word_1_143' title='bbox 329 3449 473 3524; x_wconf 85' lang='lat' dir='ltr'><strong>mentula,</strong></span> <span class='ocrx_word' id='word_1_144' title='bbox 489 3449 570 3528; x_wconf 89' lang='lat' dir='ltr'><strong>quod</strong></span> <span class='ocrx_word' id='word_1_145' title='bbox 584 3460 717 3525; x_wconf 83' lang='lat' dir='ltr'><strong>caneret,</strong></span> <span class='ocrx_word' id='word_1_146' title='bbox 733 3469 795 3512; x_wconf 84' lang='lat' dir='ltr'><strong>uon</strong></span> <span class='ocrx_word' id='word_1_147' title='bbox 811 3449 966 3514; x_wconf 88' lang='lat' dir='ltr'><strong>habuisset</strong></span> <span class='ocrx_word' id='word_1_148' title='bbox 980 3468 1067 3531; x_wconf 88' lang='lat' dir='ltr'><strong>opus.</strong></span> <span class='ocrx_word' id='word_1_149' title='bbox 1210 3453 1238 3504; x_wconf 86' lang='lat'><strong>10</strong></span> 
     </span>
     <span class='ocr_line' id='line_1_31' title="bbox 287 3533 1034 3607; baseline 0.001 -12"><span class='ocrx_word' id='word_1_150' title='bbox 287 3533 420 3596; x_wconf 88' lang='lat' dir='ltr'><strong>mentula</strong></span> <span class='ocrx_word' id='word_1_151' title='bbox 435 3534 608 3597; x_wconf 80' lang='lat' dir='ltr'><strong>Tantalidae</strong></span> <span class='ocrx_word' id='word_1_152' title='bbox 622 3536 701 3597; x_wconf 89' lang='lat' dir='ltr'><strong>benc</strong></span> <span class='ocrx_word' id='word_1_153' title='bbox 715 3535 739 3597; x_wconf 93' lang='lat' dir='ltr'><strong>si</strong></span> <span class='ocrx_word' id='word_1_154' title='bbox 755 3554 818 3598; x_wconf 87' lang='lat' dir='ltr'><strong>non</strong></span> <span class='ocrx_word' id='word_1_155' title='bbox 836 3546 904 3597; x_wconf 89' lang='lat' dir='ltr'><strong>nata</strong></span> <span class='ocrx_word' id='word_1_156' title='bbox 919 3534 1034 3607; x_wconf 84' lang='lat' dir='ltr'><strong>luisset,</strong></span> 
     </span>
     <span class='ocr_line' id='line_1_32' title="bbox 331 3617 1035 3702; baseline 0.001 -22"><span class='ocrx_word' id='word_1_157' title='bbox 331 3619 384 3695; x_wconf 85' lang='lat' dir='ltr'><strong>nil,</strong></span> <span class='ocrx_word' id='word_1_158' title='bbox 398 3620 501 3682; x_wconf 83' lang='lat' dir='ltr'><strong>senior</strong></span> <span class='ocrx_word' id='word_1_159' title='bbox 517 3617 642 3702; x_wconf 76' lang='lat' dir='ltr'><strong>Chryses</strong></span> <span class='ocrx_word' id='word_1_160' title='bbox 657 3620 739 3701; x_wconf 88' lang='lat' dir='ltr'><strong>quod</strong></span> <span class='ocrx_word' id='word_1_161' title='bbox 754 3629 944 3701; x_wconf 83' lang='lat' dir='ltr'><strong>quereretur,</strong></span> <span class='ocrx_word' id='word_1_162' title='bbox 960 3631 1035 3682; x_wconf 83' lang='lat' dir='ltr'><strong>erat.</strong></span> 
     </span>
     <span class='ocr_line' id='line_1_33' title="bbox 287 3704 1000 3786; baseline 0.001 -20"><span class='ocrx_word' id='word_1_163' title='bbox 287 3704 361 3766; x_wconf 88' lang='lat' dir='ltr'><strong>haec</strong></span> <span class='ocrx_word' id='word_1_164' title='bbox 376 3704 480 3767; x_wconf 88' lang='lat' dir='ltr'><strong>eadem</strong></span> <span class='ocrx_word' id='word_1_165' title='bbox 495 3706 610 3768; x_wconf 88' lang='lat' dir='ltr'><strong>socium</strong></span> <span class='ocrx_word' id='word_1_166' title='bbox 625 3714 731 3768; x_wconf 84' lang='lat' dir='ltr'><strong>tenera</strong></span> <span class='ocrx_word' id='word_1_167' title='bbox 745 3705 881 3786; x_wconf 88' lang='lat' dir='ltr'><strong>spoliavit</strong></span> <span class='ocrx_word' id='word_1_168' title='bbox 896 3706 1000 3781; x_wconf 84' lang='lat' dir='ltr'><strong>amica,</strong></span> 
     </span>
     <span class='ocr_line' id='line_1_34' title="bbox 331 3790 1025 3871; baseline -0.001 -19"><span class='ocrx_word' id='word_1_169' title='bbox 331 3808 467 3871; x_wconf 88' lang='lat' dir='ltr'><strong>quaeque</strong></span> <span class='ocrx_word' id='word_1_170' title='bbox 483 3799 547 3853; x_wconf 86' lang='lat' dir='ltr'><strong>erat</strong></span> <span class='ocrx_word' id='word_1_171' title='bbox 560 3790 714 3868; x_wconf 79' lang='lat' dir='ltr'><strong>Aeacidae,</strong></span> <span class='ocrx_word' id='word_1_172' title='bbox 729 3791 833 3854; x_wconf 90' lang='lat' dir='ltr'><strong>maluit</strong></span> <span class='ocrx_word' id='word_1_173' title='bbox 847 3811 914 3855; x_wconf 86' lang='lat' dir='ltr'><strong>csse</strong></span> <span class='ocrx_word' id='word_1_174' title='bbox 929 3809 1025 3855; x_wconf 88' lang='lat' dir='ltr'><strong>suam.</strong></span> 
     </span>
    </p>
   </div>
   <div class='ocr_carea' id='block_1_12' title="bbox 237 3956 1268 4310">
    <p class='ocr_par' dir='ltr' id='par_1_13' title="bbox 237 3956 1268 4310">
     <span class='ocr_line' id='line_1_35' title="bbox 237 3956 1268 4027; baseline -0.002 -18"><span class='ocrx_word' id='word_1_175' title='bbox 237 3961 314 4025; x_wconf 82' lang='lat' dir='ltr'><strong>ptava&#39;</strong></span> <span class='ocrx_word' id='word_1_176' title='bbox 338 3972 391 4010; x_wconf 84' lang='lat' dir='ltr'><strong>nan</strong></span> <span class='ocrx_word' id='word_1_177' title='bbox 420 3956 559 4011; x_wconf 81' lang='lat' dir='ltr'><strong>adducatis</strong></span> <span class='ocrx_word' id='word_1_178' title='bbox 586 3973 634 4012; x_wconf 86' lang='lat' dir='ltr'><strong>nos</strong></span> <span class='ocrx_word' id='word_1_179' title='bbox 663 3974 756 4027; x_wconf 83' lang='lat' dir='ltr'><strong>perosa</strong></span> <span class='ocrx_word' id='word_1_180' title='bbox 784 3959 795 4026; x_wconf 71' lang='lat' dir='ltr'><strong>l</strong></span> <span class='ocrx_word' id='word_1_181' title='bbox 824 3957 893 4013; x_wconf 76' lang='lat' dir='ltr'><strong>LXV</strong></span> <span class='ocrx_word' id='word_1_182' title='bbox 921 3965 932 4014; x_wconf 85' lang='lat'>1</span> <span class='ocrx_word' id='word_1_183' title='bbox 956 3958 1047 4011; x_wconf 80' lang='lat' dir='ltr'><strong>merslt</strong></span> <span class='ocrx_word' id='word_1_184' title='bbox 1104 3960 1122 4011; x_wconf 80' lang='lat'>4</span> <span class='ocrx_word' id='word_1_185' title='bbox 1151 3956 1268 4020; x_wconf 72' lang='lat' dir='ltr'><strong>sertam</strong></span> 
     </span>
     <span class='ocr_line' id='line_1_36' title="bbox 237 4024 1268 4098; baseline -0.005 -18"><span class='ocrx_word' id='word_1_186' title='bbox 237 4026 346 4094; x_wconf 76' lang='lat' dir='ltr'><strong>posthac</strong></span> <span class='ocrx_word' id='word_1_187' title='bbox 363 4024 466 4095; x_wconf 65' lang='grc' dir='ltr'><strong>ΙιΧἾΙ</strong></span> <span class='ocrx_word' id='word_1_188' title='bbox 484 4028 500 4080; x_wconf 80' lang='grc'>3</span> <span class='ocrx_word' id='word_1_189' title='bbox 519 4026 640 4082; x_wconf 81' lang='lat' dir='ltr'><strong>nimirum</strong></span> <span class='ocrx_word' id='word_1_190' title='bbox 662 4032 713 4080; x_wconf 75' lang='lat' dir='ltr'><strong>aaa</strong></span> <span class='ocrx_word' id='word_1_191' title='bbox 733 4028 770 4082; x_wconf 82' lang='lat' dir='ltr'><strong>nil</strong></span> <span class='ocrx_word' id='word_1_192' title='bbox 794 4028 888 4082; x_wconf 77' lang='lat' dir='ltr'><strong>mlmn</strong></span> <span class='ocrx_word' id='word_1_193' title='bbox 905 4027 917 4098; x_wconf 91' lang='grc' dir='ltr'>Ι</span> <span class='ocrx_word' id='word_1_194' title='bbox 933 4024 1052 4084; x_wconf 78' lang='lat' dir='ltr'><strong>uxvua</strong></span> <span class='ocrx_word' id='word_1_195' title='bbox 1105 4026 1139 4080; x_wconf 83' lang='lat' dir='ltr'><strong>da</strong></span> <span class='ocrx_word' id='word_1_196' title='bbox 1158 4026 1200 4078; x_wconf 80' lang='lat' dir='ltr'><strong>lae</strong></span> <span class='ocrx_word' id='word_1_197' title='bbox 1217 4024 1268 4088; x_wconf 72' lang='lat' dir='ltr'><strong>atti</strong></span> 
     </span>
     <span class='ocr_line' id='line_1_37' title="bbox 237 4091 1267 4165; baseline 0 -20"><span class='ocrx_word' id='word_1_198' title='bbox 237 4108 271 4150; x_wconf 80' lang='grc' dir='ltr'><strong>,ιιι</strong></span> <span class='ocrx_word' id='word_1_199' title='bbox 289 4091 1267 4165; x_wconf 64' lang='lat' dir='ltr'><strong>Haiaaitoelldtanlltlcalmiffisslllcoda-mldpaplcon</strong></span> 
     </span>
     <span class='ocr_line' id='line_1_38' title="bbox 249 4159 1267 4238; baseline 0.009 -21"><span class='ocrx_word' id='word_1_200' title='bbox 249 4166 400 4224; x_wconf 77' lang='lat' dir='ltr'><strong>vocatum</strong></span> <span class='ocrx_word' id='word_1_201' title='bbox 423 4160 638 4234; x_wconf 80' lang='lat' dir='ltr'><strong>qucdpaclcnta</strong></span> <span class='ocrx_word' id='word_1_202' title='bbox 664 4177 795 4220; x_wconf 67' lang='lat' dir='ltr'><strong>manca</strong></span> <span class='ocrx_word' id='word_1_203' title='bbox 838 4161 1002 4238; x_wconf 65' lang='lat' dir='ltr'><strong>dldqul</strong></span> <span class='ocrx_word' id='word_1_204' title='bbox 1026 4161 1137 4236; x_wconf 62' lang='grc' dir='ltr'><strong>«ΗΠ</strong></span> <span class='ocrx_word' id='word_1_205' title='bbox 1161 4159 1267 4230; x_wconf 69' lang='lat' dir='ltr'><strong>atella</strong></span> 
     </span>
     <span class='ocr_line' id='line_1_39' title="bbox 237 4228 1000 4310; baseline 0.007 -24"><span class='ocrx_word' id='word_1_206' title='bbox 237 4228 808 4304; x_wconf 63' lang='lat' dir='ltr'><strong>mldqucdltlriapulllaindatass</strong></span> <span class='ocrx_word' id='word_1_207' title='bbox 844 4235 949 4300; x_wconf 63' lang='lat' dir='ltr'><strong>m..</strong></span> <span class='ocrx_word' id='word_1_208' title='bbox 989 4283 1000 4310; x_wconf 89' lang='lat'><strong>·.</strong></span> 
     </span>
    </p>
   </div>
   <div class='ocr_carea' id='block_1_13' title="bbox 0 0 1714 4934">
    <p class='ocr_par' dir='ltr' id='par_1_14' title="bbox 0 0 1714 4934">
     <span class='ocr_line' id='line_1_40' title="bbox 0 0 1714 4934; baseline 0 0"><span class='ocrx_word' id='word_1_209' title='bbox 0 0 1714 4934; x_wconf 95' lang='lat' dir='ltr'><strong> </strong></span> 
     </span>
    </p>
   </div>
  </div>
 </body>
</html>
