3417 4934
266 481 267 488 κ
336 437 398 499 282
802 438 951 494 sturme

333 613 443 675 nullius
465 611 615 674 terrestris
637 611 773 674 animalis
791 612 843 675 sod
859 613 954 693 qualis
976 631 1043 675 esse
1065 614 1190 678 marinis
1211 616 1311 680 beluis
1332 618 1410 693 solet,

333 716 452 760 raucam
467 705 497 759 et
511 695 703 777 implicatam,
715 698 829 778 putavit
842 697 899 760 sibi
914 699 1039 760 tertium
1053 699 1203 762 decimum
1217 700 1354 764 laborem
1367 723 1410 765 ve

302 787 422 846 tuisse.
451 782 622 862 diligentius
637 783 767 845 intuenti
781 783 861 845 risus
876 792 921 845 est
935 784 1020 864 quasi
1042 784 1144 846 bomo.
1175 788 1304 850 accessit
1318 788 1410 869 itaque

333 879 362 932 et
378 866 457 947 quod
472 867 644 929 facillimum
659 867 716 929 luit
731 868 887 939 Graeculo,
902 869 958 931 ait:

378 957 432 1030 τίς
453 956 568 1017 πόθεν
591 952 641 1029 εἷς
663 952 805 1037 ἀνδρῶν,
829 956 922 1018 πόθι
943 976 1000 1019 τοι
1022 953 1125 1033 πόλις
1147 954 1208 1043 ddi
1231 967 1370 1046 τοκῆες
1421 971 1434 1021 t

331 1038 469 1102 Claudius
489 1038 598 1118 gaudet
620 1057 685 1100 esse
707 1038 767 1100 illic
789 1039 957 1119 philologos
978 1040 1135 1116 homines,
1158 1050 1264 1121 sperat
1284 1044 1411 1106 futurum

329 1125 459 1204 aliquem
479 1123 611 1186 historiis
639 1124 702 1185 suis
724 1125 833 1185 locum.
871 1125 972 1205 itaque
1000 1126 1116 1206 etipse
1147 1126 1311 1190 Homerico
1333 1147 1410 1192 versu

331 1209 483 1272 Gaesarem
499 1227 531 1271 se
547 1227 611 1271 esse
626 1208 799 1288 significans
813 1210 868 1271 ait:

370 1291 512 1361 Ἰλιόθεν
534 1316 576 1375 με
600 1300 714 1381 φέρων
737 1297 861 1377 ἄνεμος
882 1298 1068 1361 Κικόνεσσι
1089 1296 1273 1363 πέλασσεν.

332 1390 395 1443 erat
410 1390 507 1442 autem
523 1398 653 1459 sequens
667 1398 771 1443 versus
787 1382 893 1455 verior,
909 1399 1004 1460 aeque
1022 1380 1215 1444 Homericus:
1418 1392 1439 1444 o

456 1467 544 1530 ἔνθα
568 1462 598 1529 d’
621 1468 685 1549 ἐγὼ
708 1465 812 1530 πόλιν
834 1469 1003 1551 ἔπραθον,
1028 1465 1140 1531 ὤλεσα
1163 1465 1195 1532 δ’
1217 1470 1353 1546 αὐτούς.

293 1544 360 1614 bet
385 1552 567 1632 imposuerat
589 1549 709 1612 Herculi
740 1551 862 1614 minime
891 1554 983 1628 uafro,
1008 1551 1066 1614 nisi
1088 1552 1195 1615 luisset
1215 1552 1279 1615 illic
1302 1553 1407 1629 Febris,

330 1656 405 1718 quae
420 1638 490 1699 lano
504 1654 562 1698 suo
575 1635 680 1697 relicto
696 1636 758 1698 sola
773 1655 842 1699 cum
857 1636 908 1700 illo
930 1648 1065 1699 venerat:
1089 1648 1207 1701 ceteros
1222 1657 1332 1702 omnes
1346 1640 1407 1702 deos

329 1724 440 1785 Romae
456 1721 628 1800 reliquerat.
651 1720 725 1783 ‘iste’
741 1723 840 1802 inquit
860 1729 952 1785 ‘mera
976 1722 1131 1786 mendacia
1146 1733 1261 1790 narrat.
1291 1724 1406 1804 egotibi

329 1809 413 1881 dico,
440 1825 515 1888 quae
537 1807 679 1908 eum4'plo
694 1816 739 1868 tot
753 1810 840 1870 annis
855 1808 927 1869 vixi:
950 1808 1111 1888 Luguduni
1134 1817 1300 1883 natusest,
1325 1808 1436 1873 biarciu

328 1892 511 1972 municipem
532 1892 621 1953 vides.
637 1892 719 1971 quod
739 1893 792 1954 tibi
808 1912 915 1968 narro,
936 1896 973 1955 ad
989 1904 1104 1955 sertum
1119 1894 1271 1957 decimum
1286 1895 1405 1975 lapidem

331 1979 419 2041 natus'
433 1977 653 2051 estaVienna,
687 1976 788 2040 Gallus
803 1998 974 2125 gqrqtanus.
1005 1979 1106 2077 itaquo
1132 1980 1214 2078 quod
1236 1979 1353 2043 Gallum
1370 1982 1405 2077 [εἶ

329 2061 1419 2233 ttttltllltllssltlttl„llbttllltttl,bittit:›

327 2236 393 2297 loca
420 2232 538 2296 calcasti
569 2251 658 2312 quam
690 2234 768 2297 ullus
789 2235 882 2296 mulio
905 2236 1124 2315 perpetuarius‚
1146 2231 1433 2321 [Lugudunensesltt

326 2321 403 2383 scire
426 2319 517 2382 debes
533 2318 624 2380 multa
640 2320 719 2381 milia
734 2320 815 2381 inter
829 2319 981 2382 Xanthum
996 2329 1026 2382 et
1041 2320 1221 2384 Rhodanum
1245 2320 1402 2386 interme.

297 2418 312 2468 2
327 2405 517 2469 excandescit
530 2404 588 2465 hoc
609 2405 676 2466 loco
693 2404 831 2467 Claudius
846 2415 876 2468 ct
890 2417 1003 2485 quanto
1019 2415 1119 2486 potest
1139 2425 1295 2471 murmure
1311 2408 1403 2471 irasci·

329 2504 388 2555 tur.
411 2491 483 2571 quid
504 2489 626 2564 diceret,
651 2508 740 2552 nemo
762 2490 964 2571 intellegebat,
993 2490 1043 2554 ille
1065 2502 1165 2554 autem
1196 2492 1319 2557 Febrim
1343 2492 1402 2555 duci

327 2575 457 2640 iubebat.
489 2575 539 2637 illo
563 2584 647 2655 gestu
669 2576 784 2638 solutae
806 2594 913 2638 manus
928 2577 1007 2639 etad
1021 2576 1081 2639 hoc
1100 2595 1196 2639 unum
1210 2579 1284 2642 satis
1299 2580 1402 2651 flrmro,

329 2680 388 2744 quo
403 2662 551 2725 decollare
565 2662 703 2723 homines
717 2660 847 2736 solebat,
863 2662 990 2724 iusserat
1004 2662 1046 2723 illi
1062 2663 1172 2724 collum
1187 2664 1332 2744 praecidi.
1353 2672 1432 2745 pub

293 2746 405 2816 iteres
426 2765 531 2810 omnes
549 2745 628 2808 illius
643 2766 707 2809 esse
730 2747 868 2810 libertos:
892 2748 965 2808 adeo
982 2748 1065 2808 illum
1083 2767 1172 2810 nemo
1187 2750 1325 2813 curabat.
1346 2759 1402 2812 mm

329 2834 473 2896 Hercules
494 2831 572 2893 ‘audi
598 2829 655 2893 me'
676 2833 775 2912 inquit
795 2834 835 2894 ‘tu
852 2832 956 2895 desine
979 2833 1095 2895 fatuari.
1132 2834 1241 2896 venisti
1266 2836 1336 2911 buc,
1357 2833 1402 2897 ubi

326 2937 428 2982 mures
450 2920 562 2980 ferrum
586 2918 706 2980 rodunt.
733 2918 821 2980 citius
835 2918 909 2979 mibi
929 2937 1047 2991 rerum,
1065 2938 1103 2981 ne
1118 2919 1173 2980 tibi
1190 2919 1305 3001 alogias
1320 2937 1402 2983 excu-

327 3003 417 3066 tiam!
439 3013 470 3066 et
485 3022 544 3083 quo
559 3002 723 3064 terribilior
737 3011 824 3076 esset,
840 3004 971 3083 tragicus
986 3005 1020 3065 m
1034 3014 1064 3065 et
1079 3005 1134 3066 ait:

298 3099 312 3149 t
480 3095 635 3168 ‘exprome
650 3105 790 3167 propere,
804 3088 875 3150 sede
890 3108 949 3168 qua
964 3089 1084 3169 genitus
1099 3090 1191 3162 eluas,
1411 3099 1435 3149 u

478 3173 537 3234 hoc
554 3191 592 3233 ne
608 3182 781 3253 peremptus
796 3173 897 3253 stipite
912 3175 947 3235 ad
964 3186 1075 3237 terram
1090 3176 1222 3251 accidas3

479 3258 552 3319 haec
568 3257 648 3319 clava
664 3276 751 3337 reges
765 3276 855 3338 saepe
870 3259 1008 3322 mactavit
1022 3262 1113 3326 feros.

479 3341 550 3421 quid
567 3360 650 3404 nunc
665 3344 784 3424 prolatu
800 3344 880 3407 vocis
895 3345 1012 3407 incerto
1027 3344 1139 3409 sonas?

481 3445 557 3507 quae
572 3428 677 3507 patria,
693 3448 769 3509 qnae
784 3449 860 3510 gens
875 3431 984 3493 mobile
1000 3432 1102 3494 eduxit
1117 3430 1228 3511 caput?

480 3513 621 3575 edissere.
645 3514 782 3594 equidem
798 3535 892 3597 regna
908 3517 1066 3595 tergemini
1081 3526 1188 3599 petens

480 3598 645 3678 longinqua
660 3601 749 3679 regis,
766 3604 846 3664 unde
862 3602 898 3663 ab
915 3602 1061 3682 Hesperie
1076 3604 1151 3665 mari

480 3684 631 3746 lnachiam
646 3686 682 3745 ad
699 3686 803 3748 urbem
819 3687 921 3749 nobile
936 3688 1038 3749 advexi
1052 3707 1155 3769 pecus,

480 3770 535 3833 vidi
552 3768 670 3831 duobus
685 3771 847 3835 imminens
861 3774 958 3834 lluviis
973 3774 1086 3851 iugum,

412 3961 427 4011 b
447 3954 604 4093 Odquaael
625 3957 673 4007 l'lt)
687 3954 725 4020 Μ
744 3954 792 4007 od,
810 3954 843 4008 lX
861 3957 963 4024 39110
986 3973 1069 4025 aeque
1087 3957 1238 4012 Homericus
1259 3962 1408 4026 suspectu

327 4027 473 4078 habueram
510 4027 540 4079 ll
564 4024 611 4075 od.
625 4022 658 4075 lll
672 4022 727 4090 401
743 4025 773 4076 ll
787 4024 884 4075 bomini
902 4025 1007 4078 minime
1024 4026 1143 4094 Iunius!
1158 4030 1190 4081 15
1203 4026 1284 4080 blanci
1297 4042 1412 4094 comeps

327 4098 384 4146 tone
401 4096 489 4145 visum
506 4096 567 4145 erat
583 4109 619 4145 aar
635 4092 725 4146 Planci
744 4090 891 4159 Graeculo,
908 4095 976 4145 milet
986 4111 1022 4147 ecc
1039 4098 1148 4147 nomine
1160 4096 1275 4161 gallico,
1293 4096 1342 4149 aad
1356 4099 1407 4148 ian

327 4160 414 4222 tacete
430 4163 471 4213 c'ta
489 4163 584 4214 occari
594 4164 681 4214 seatio
699 4162 783 4213 etnam
800 4157 954 4215 Romam
966 4179 1001 4215 aar
1014 4163 1121 4216 colonia
1132 4167 1317 4231 municipalem
1333 4166 1409 4234 quad

326 4246 382 4283 cen
398 4234 492 4283 nomm
510 4232 595 4283 civem
613 4227 644 4282 ll.
661 4229 709 4283 scd
723 4226 828 4292 factum
