<?xml version="1.0" encoding="UTF-8"?>
<!DOCTYPE html PUBLIC "-//W3C//DTD XHTML 1.0 Transitional//EN"
    "http://www.w3.org/TR/xhtml1/DTD/xhtml1-transitional.dtd">
<html xmlns="http://www.w3.org/1999/xhtml" xml:lang="en" lang="en">
 <head>
  <title>
</title>
<meta http-equiv="Content-Type" content="text/html;charset=utf-8" />
  <meta name='ocr-system' content='tesseract 3.04.00' />
  <meta name='ocr-capabilities' content='ocr_page ocr_carea ocr_par ocr_line ocrx_word'/>
</head>
<body>
  <div class='ocr_page' id='page_1' title='image "./petroniisaturae00varrgoog_0128.png"; bbox 0 0 3417 4934; ppageno 0'>
   <div class='ocr_carea' id='block_1_1' title="bbox 755 469 910 526">
    <p class='ocr_par' dir='ltr' id='par_1_1' title="bbox 755 469 910 526">
     <span class='ocr_line' id='line_1_1' title="bbox 755 469 910 526; baseline 0.006 -1"><span class='ocrx_word' id='word_1_1' title='bbox 755 469 910 526; x_wconf 76' lang='lat' dir='ltr'><strong>rnrlrottn</strong></span> 
     </span>
    </p>
   </div>
   <div class='ocr_carea' id='block_1_2' title="bbox 322 642 1111 1577">
    <p class='ocr_par' dir='ltr' id='par_1_2' title="bbox 322 642 1111 1577">
     <span class='ocr_line' id='line_1_2' title="bbox 775 642 890 707; baseline 0 0"><span class='ocrx_word' id='word_1_2' title='bbox 775 642 890 707; x_wconf 77' lang='lat' dir='ltr'><strong>XXVI*</strong></span> 
     </span>
     <span class='ocr_line' id='line_1_3' title="bbox 392 731 1043 799; baseline 0 -6"><span class='ocrx_word' id='word_1_3' title='bbox 392 731 436 793; x_wconf 90' lang='lat' dir='ltr'><strong>sic</strong></span> <span class='ocrx_word' id='word_1_4' title='bbox 450 739 556 791; x_wconf 84' lang='lat' dir='ltr'><strong>contra</strong></span> <span class='ocrx_word' id='word_1_5' title='bbox 571 748 673 791; x_wconf 91' lang='lat' dir='ltr'><strong>rerum</strong></span> <span class='ocrx_word' id='word_1_6' title='bbox 689 738 813 799; x_wconf 85' lang='lat' dir='ltr'><strong>naturae</strong></span> <span class='ocrx_word' id='word_1_7' title='bbox 828 748 954 792; x_wconf 89' lang='lat' dir='ltr'><strong>munera</strong></span> <span class='ocrx_word' id='word_1_8' title='bbox 971 741 1043 793; x_wconf 86' lang='lat' dir='ltr'><strong>nota</strong></span> 
     </span>
     <span class='ocr_line' id='line_1_4' title="bbox 434 816 1018 895; baseline 0.009 -19"><span class='ocrx_word' id='word_1_9' title='bbox 434 833 542 877; x_wconf 87' lang='lat' dir='ltr'><strong>corvus</strong></span> <span class='ocrx_word' id='word_1_10' title='bbox 556 816 681 877; x_wconf 91' lang='lat' dir='ltr'><strong>maturis</strong></span> <span class='ocrx_word' id='word_1_11' title='bbox 696 816 833 895; x_wconf 84' lang='lat' dir='ltr'><strong>frugibus</strong></span> <span class='ocrx_word' id='word_1_12' title='bbox 848 835 902 877; x_wconf 89' lang='lat' dir='ltr'><strong>ova</strong></span> <span class='ocrx_word' id='word_1_13' title='bbox 916 817 1018 881; x_wconf 83' lang='lat' dir='ltr'><strong>refert.</strong></span> 
     </span>
     <span class='ocr_line' id='line_1_5' title="bbox 391 900 1105 981; baseline 0.004 -19"><span class='ocrx_word' id='word_1_14' title='bbox 391 902 434 963; x_wconf 90' lang='lat' dir='ltr'><strong>sic</strong></span> <span class='ocrx_word' id='word_1_15' title='bbox 449 901 559 962; x_wconf 89' lang='lat' dir='ltr'><strong>format</strong></span> <span class='ocrx_word' id='word_1_16' title='bbox 572 900 674 977; x_wconf 81' lang='lat' dir='ltr'><strong>lingua</strong></span> <span class='ocrx_word' id='word_1_17' title='bbox 689 901 784 962; x_wconf 86' lang='lat' dir='ltr'><strong>letum</strong></span> <span class='ocrx_word' id='word_1_18' title='bbox 800 920 869 963; x_wconf 91' lang='lat' dir='ltr'><strong>cum</strong></span> <span class='ocrx_word' id='word_1_19' title='bbox 886 902 1011 981; x_wconf 89' lang='lat' dir='ltr'><strong>protulit</strong></span> <span class='ocrx_word' id='word_1_20' title='bbox 1026 921 1105 976; x_wconf 85' lang='lat' dir='ltr'><strong>ursa,</strong></span> 
     </span>
     <span class='ocr_line' id='line_1_6' title="bbox 433 985 1023 1067; baseline 0.002 -20"><span class='ocrx_word' id='word_1_21' title='bbox 433 994 463 1047; x_wconf 89' lang='lat' dir='ltr'><strong>et</strong></span> <span class='ocrx_word' id='word_1_22' title='bbox 477 985 567 1065; x_wconf 92' lang='lat' dir='ltr'><strong>piscis</strong></span> <span class='ocrx_word' id='word_1_23' title='bbox 582 985 665 1048; x_wconf 93' lang='lat' dir='ltr'><strong>nullo</strong></span> <span class='ocrx_word' id='word_1_24' title='bbox 681 986 804 1049; x_wconf 89' lang='lat' dir='ltr'><strong>iunctus</strong></span> <span class='ocrx_word' id='word_1_25' title='bbox 818 1004 920 1048; x_wconf 91' lang='lat' dir='ltr'><strong>amore</strong></span> <span class='ocrx_word' id='word_1_26' title='bbox 934 987 1023 1067; x_wconf 86' lang='lat' dir='ltr'><strong>parit.</strong></span> 
     </span>
     <span class='ocr_line' id='line_1_7' title="bbox 334 1069 1111 1152; baseline 0 -18"><span class='ocrx_word' id='word_1_27' title='bbox 334 1083 348 1133; x_wconf 79' lang='lat'><strong>5</strong></span> <span class='ocrx_word' id='word_1_28' title='bbox 390 1072 433 1134; x_wconf 92' lang='lat' dir='ltr'><strong>sic</strong></span> <span class='ocrx_word' id='word_1_29' title='bbox 448 1069 586 1132; x_wconf 86' lang='lat' dir='ltr'><strong>Phoebea</strong></span> <span class='ocrx_word' id='word_1_30' title='bbox 600 1070 702 1152; x_wconf 76' lang='lat' dir='ltr'><strong>chelys</strong></span> <span class='ocrx_word' id='word_1_31' title='bbox 716 1071 815 1134; x_wconf 89' lang='lat' dir='ltr'><strong>vinclo</strong></span> <span class='ocrx_word' id='word_1_32' title='bbox 831 1072 961 1134; x_wconf 85' lang='lat' dir='ltr'><strong>resoluta</strong></span> <span class='ocrx_word' id='word_1_33' title='bbox 978 1073 1111 1151; x_wconf 89' lang='lat' dir='ltr'><strong>parentis</strong></span> 
     </span>
     <span class='ocr_line' id='line_1_8' title="bbox 433 1147 999 1236; baseline 0 -19"><span class='ocrx_word' id='word_1_34' title='bbox 433 1147 573 1226; x_wconf 68' lang='lat' dir='ltr'><strong>Lucinae?</strong></span> <span class='ocrx_word' id='word_1_35' title='bbox 579 1156 688 1236; x_wconf 90' lang='lat' dir='ltr'><strong>tepidis</strong></span> <span class='ocrx_word' id='word_1_36' title='bbox 704 1157 826 1219; x_wconf 92' lang='lat' dir='ltr'><strong>naribus</strong></span> <span class='ocrx_word' id='word_1_37' title='bbox 841 1175 896 1219; x_wconf 89' lang='lat' dir='ltr'><strong>ova</strong></span> <span class='ocrx_word' id='word_1_38' title='bbox 910 1158 999 1220; x_wconf 80' lang='lat' dir='ltr'><strong>fovet.</strong></span> 
     </span>
     <span class='ocr_line' id='line_1_9' title="bbox 391 1241 1079 1322; baseline 0 -19"><span class='ocrx_word' id='word_1_39' title='bbox 391 1242 434 1304; x_wconf 87' lang='lat' dir='ltr'><strong>sio</strong></span> <span class='ocrx_word' id='word_1_40' title='bbox 449 1241 515 1303; x_wconf 91' lang='lat' dir='ltr'><strong>sine</strong></span> <span class='ocrx_word' id='word_1_41' title='bbox 531 1241 694 1303; x_wconf 82' lang='lat' dir='ltr'><strong>concubitu</strong></span> <span class='ocrx_word' id='word_1_42' title='bbox 709 1242 798 1305; x_wconf 82' lang='lat' dir='ltr'><strong>textis</strong></span> <span class='ocrx_word' id='word_1_43' title='bbox 812 1243 877 1322; x_wconf 90' lang='lat' dir='ltr'><strong>apis</strong></span> <span class='ocrx_word' id='word_1_44' title='bbox 891 1242 987 1305; x_wconf 80' lang='lat' dir='ltr'><strong>excita</strong></span> <span class='ocrx_word' id='word_1_45' title='bbox 1002 1243 1079 1304; x_wconf 90' lang='lat' dir='ltr'><strong>ceris</strong></span> 
     </span>
     <span class='ocr_line' id='line_1_10' title="bbox 433 1327 1030 1407; baseline 0.007 -20"><span class='ocrx_word' id='word_1_46' title='bbox 433 1327 527 1389; x_wconf 80' lang='lat' dir='ltr'><strong>fervet</strong></span> <span class='ocrx_word' id='word_1_47' title='bbox 541 1335 572 1389; x_wconf 92' lang='lat' dir='ltr'><strong>et</strong></span> <span class='ocrx_word' id='word_1_48' title='bbox 586 1327 689 1388; x_wconf 89' lang='lat' dir='ltr'><strong>audaci</strong></span> <span class='ocrx_word' id='word_1_49' title='bbox 704 1327 797 1390; x_wconf 87' lang='lat' dir='ltr'><strong>milite</strong></span> <span class='ocrx_word' id='word_1_50' title='bbox 812 1336 908 1390; x_wconf 87' lang='lat' dir='ltr'><strong>castra</strong></span> <span class='ocrx_word' id='word_1_51' title='bbox 923 1328 1030 1407; x_wconf 86' lang='lat' dir='ltr'><strong>replet.</strong></span> 
     </span>
     <span class='ocr_line' id='line_1_11' title="bbox 392 1412 1036 1486; baseline 0.002 -12"><span class='ocrx_word' id='word_1_52' title='bbox 392 1430 454 1474; x_wconf 95' lang='lat' dir='ltr'><strong>non</strong></span> <span class='ocrx_word' id='word_1_53' title='bbox 470 1431 533 1474; x_wconf 89' lang='lat' dir='ltr'><strong>uno</strong></span> <span class='ocrx_word' id='word_1_54' title='bbox 549 1420 691 1474; x_wconf 91' lang='lat' dir='ltr'><strong>contenta</strong></span> <span class='ocrx_word' id='word_1_55' title='bbox 705 1412 782 1474; x_wconf 89' lang='lat' dir='ltr'><strong>valet</strong></span> <span class='ocrx_word' id='word_1_56' title='bbox 797 1422 905 1475; x_wconf 90' lang='lat' dir='ltr'><strong>natura</strong></span> <span class='ocrx_word' id='word_1_57' title='bbox 918 1421 1036 1486; x_wconf 87' lang='lat' dir='ltr'><strong>tenore,</strong></span> 
     </span>
     <span class='ocr_line' id='line_1_12' title="bbox 322 1496 1029 1577; baseline 0.001 -18"><span class='ocrx_word' id='word_1_58' title='bbox 322 1508 351 1559; x_wconf 85' lang='lat' dir='ltr'><strong>lo</strong></span> <span class='ocrx_word' id='word_1_59' title='bbox 436 1496 488 1559; x_wconf 89' lang='lat' dir='ltr'><strong>sed</strong></span> <span class='ocrx_word' id='word_1_60' title='bbox 504 1504 686 1577; x_wconf 88' lang='lat' dir='ltr'><strong>permutatas</strong></span> <span class='ocrx_word' id='word_1_61' title='bbox 700 1500 810 1577; x_wconf 79' lang='lat' dir='ltr'><strong>gaudet</strong></span> <span class='ocrx_word' id='word_1_62' title='bbox 823 1497 935 1560; x_wconf 88' lang='lat' dir='ltr'><strong>babere</strong></span> <span class='ocrx_word' id='word_1_63' title='bbox 950 1498 1029 1560; x_wconf 90' lang='lat' dir='ltr'><strong>vices</strong></span> 
     </span>
    </p>
   </div>
   <div class='ocr_carea' id='block_1_3' title="bbox 294 1592 1337 1734">
    <p class='ocr_par' dir='ltr' id='par_1_3' title="bbox 294 1592 1337 1734">
     <span class='ocr_line' id='line_1_13' title="bbox 377 1592 1337 1665; baseline -0.003 -15"><span class='ocrx_word' id='word_1_64' title='bbox 377 1600 428 1650; x_wconf 76' lang='lat' dir='ltr'><strong>lece</strong></span> <span class='ocrx_word' id='word_1_65' title='bbox 445 1612 554 1649; x_wconf 75' lang='lat' dir='ltr'><strong>carmen</strong></span> <span class='ocrx_word' id='word_1_66' title='bbox 566 1601 592 1647; x_wconf 79' lang='lat' dir='ltr'><strong>et</strong></span> <span class='ocrx_word' id='word_1_67' title='bbox 605 1613 675 1663; x_wconf 81' lang='lat' dir='ltr'><strong>quae</strong></span> <span class='ocrx_word' id='word_1_68' title='bbox 685 1601 815 1649; x_wconf 77' lang='lat' dir='ltr'><strong>secuntur</strong></span> <span class='ocrx_word' id='word_1_69' title='bbox 827 1599 881 1650; x_wconf 83' lang='lat' dir='ltr'><strong>duo</strong></span> <span class='ocrx_word' id='word_1_70' title='bbox 893 1600 1021 1651; x_wconf 80' lang='lat' dir='ltr'><strong>Petronio</strong></span> <span class='ocrx_word' id='word_1_71' title='bbox 1033 1599 1167 1649; x_wconf 72' lang='lat' dir='ltr'><strong>adscribit</strong></span> <span class='ocrx_word' id='word_1_72' title='bbox 1179 1592 1337 1665; x_wconf 70' lang='lat' dir='ltr'><strong>Fulgmtiml</strong></span> 
     </span>
     <span class='ocr_line' id='line_1_14' title="bbox 294 1664 724 1734; baseline -0.014 -13"><span class='ocrx_word' id='word_1_73' title='bbox 294 1672 309 1722; x_wconf 81' lang='lat'><strong>5</strong></span> <span class='ocrx_word' id='word_1_74' title='bbox 327 1664 419 1734; x_wconf 80' lang='lat' dir='ltr'><strong>rictoll</strong></span> <span class='ocrx_word' id='word_1_75' title='bbox 434 1669 450 1719; x_wconf 82' lang='lat'>6</span> <span class='ocrx_word' id='word_1_76' title='bbox 468 1665 570 1717; x_wconf 89' lang='lat' dir='ltr'><strong>roribus</strong></span> <span class='ocrx_word' id='word_1_77' title='bbox 587 1665 724 1717; x_wconf 80' lang='lat' dir='ltr'><strong>Baebram</strong></span> 
     </span>
    </p>
   </div>
   <div class='ocr_carea' id='block_1_4' title="bbox 390 1800 1243 2991">
    <p class='ocr_par' dir='ltr' id='par_1_4' title="bbox 390 1800 1243 2991">
     <span class='ocr_line' id='line_1_15' title="bbox 773 1800 902 1863; baseline 0 0"><span class='ocrx_word' id='word_1_78' title='bbox 773 1800 902 1863; x_wconf 80' lang='lat' dir='ltr'><strong>XXVll*</strong></span> 
     </span>
     <span class='ocr_line' id='line_1_16' title="bbox 390 1886 1134 1968; baseline 0.001 -20"><span class='ocrx_word' id='word_1_79' title='bbox 390 1887 506 1968; x_wconf 90' lang='lat' dir='ltr'><strong>primus</strong></span> <span class='ocrx_word' id='word_1_80' title='bbox 521 1886 552 1948; x_wconf 93' lang='lat' dir='ltr'><strong>in</strong></span> <span class='ocrx_word' id='word_1_81' title='bbox 569 1886 642 1948; x_wconf 95' lang='lat' dir='ltr'><strong>orbe</strong></span> <span class='ocrx_word' id='word_1_82' title='bbox 656 1887 728 1948; x_wconf 89' lang='lat' dir='ltr'><strong>deos</strong></span> <span class='ocrx_word' id='word_1_83' title='bbox 742 1887 813 1948; x_wconf 86' lang='lat' dir='ltr'><strong>iecit</strong></span> <span class='ocrx_word' id='word_1_84' title='bbox 827 1887 928 1963; x_wconf 90' lang='lat' dir='ltr'><strong>timor,</strong></span> <span class='ocrx_word' id='word_1_85' title='bbox 944 1887 1035 1950; x_wconf 85' lang='lat' dir='ltr'><strong>ardua</strong></span> <span class='ocrx_word' id='word_1_86' title='bbox 1050 1888 1134 1950; x_wconf 92' lang='lat' dir='ltr'><strong>caelo</strong></span> 
     </span>
     <span class='ocr_line' id='line_1_17' title="bbox 391 1971 1243 2053; baseline 0.004 -19"><span class='ocrx_word' id='word_1_87' title='bbox 391 1973 516 2035; x_wconf 80' lang='lat' dir='ltr'><strong>fulmina</strong></span> <span class='ocrx_word' id='word_1_88' title='bbox 532 1990 600 2033; x_wconf 90' lang='lat' dir='ltr'><strong>cum</strong></span> <span class='ocrx_word' id='word_1_89' title='bbox 616 1971 758 2033; x_wconf 90' lang='lat' dir='ltr'><strong>caderent</strong></span> <span class='ocrx_word' id='word_1_90' title='bbox 773 1972 966 2053; x_wconf 90' lang='lat' dir='ltr'><strong>discussaque</strong></span> <span class='ocrx_word' id='word_1_91' title='bbox 982 1973 1101 2034; x_wconf 88' lang='lat' dir='ltr'><strong>moenia</strong></span> <span class='ocrx_word' id='word_1_92' title='bbox 1116 1974 1243 2037; x_wconf 86' lang='lat' dir='ltr'><strong>flammis</strong></span> 
     </span>
     <span class='ocr_line' id='line_1_18' title="bbox 393 2056 1238 2137; baseline 0.005 -17"><span class='ocrx_word' id='word_1_93' title='bbox 393 2068 482 2137; x_wconf 91' lang='lat' dir='ltr'><strong>atque</strong></span> <span class='ocrx_word' id='word_1_94' title='bbox 497 2058 575 2119; x_wconf 92' lang='lat' dir='ltr'><strong>ictus</strong></span> <span class='ocrx_word' id='word_1_95' title='bbox 590 2057 728 2136; x_wconf 82' lang='lat' dir='ltr'><strong>flagraret</strong></span> <span class='ocrx_word' id='word_1_96' title='bbox 742 2056 846 2133; x_wconf 77' lang='lat' dir='ltr'><strong>Athos,</strong></span> <span class='ocrx_word' id='word_1_97' title='bbox 862 2076 931 2119; x_wconf 87' lang='lat' dir='ltr'><strong>mox</strong></span> <span class='ocrx_word' id='word_1_98' title='bbox 946 2057 1086 2120; x_wconf 90' lang='lat' dir='ltr'><strong>Phoebus</strong></span> <span class='ocrx_word' id='word_1_99' title='bbox 1101 2059 1138 2120; x_wconf 92' lang='lat' dir='ltr'><strong>ad</strong></span> <span class='ocrx_word' id='word_1_100' title='bbox 1153 2069 1238 2123; x_wconf 89' lang='lat' dir='ltr'><strong>ortus</strong></span> 
     </span>
     <span class='ocr_line' id='line_1_19' title="bbox 391 2142 1095 2222; baseline 0 -17"><span class='ocrx_word' id='word_1_101' title='bbox 391 2144 515 2205; x_wconf 90' lang='lat' dir='ltr'><strong>lustrata</strong></span> <span class='ocrx_word' id='word_1_102' title='bbox 530 2142 670 2205; x_wconf 89' lang='lat' dir='ltr'><strong>devectus</strong></span> <span class='ocrx_word' id='word_1_103' title='bbox 684 2142 776 2203; x_wconf 93' lang='lat' dir='ltr'><strong>humo</strong></span> <span class='ocrx_word' id='word_1_104' title='bbox 792 2143 942 2222; x_wconf 89' lang='lat' dir='ltr'><strong>lunaeque</strong></span> <span class='ocrx_word' id='word_1_105' title='bbox 957 2151 1095 2205; x_wconf 91' lang='lat' dir='ltr'><strong>senectus</strong></span> 
     </span>
     <span class='ocr_line' id='line_1_20' title="bbox 393 2227 1202 2309; baseline 0.001 -18"><span class='ocrx_word' id='word_1_106' title='bbox 393 2237 423 2291; x_wconf 92' lang='lat' dir='ltr'><strong>et</strong></span> <span class='ocrx_word' id='word_1_107' title='bbox 438 2236 593 2308; x_wconf 87' lang='lat' dir='ltr'><strong>reparatus</strong></span> <span class='ocrx_word' id='word_1_108' title='bbox 607 2227 715 2309; x_wconf 88' lang='lat' dir='ltr'><strong>honos,</strong></span> <span class='ocrx_word' id='word_1_109' title='bbox 731 2228 802 2290; x_wconf 92' lang='lat' dir='ltr'><strong>hinc</strong></span> <span class='ocrx_word' id='word_1_110' title='bbox 817 2229 901 2309; x_wconf 83' lang='lat' dir='ltr'><strong>signa</strong></span> <span class='ocrx_word' id='word_1_111' title='bbox 920 2230 1013 2291; x_wconf 85' lang='lat' dir='ltr'><strong>effusa</strong></span> <span class='ocrx_word' id='word_1_112' title='bbox 1028 2248 1083 2309; x_wconf 90' lang='lat' dir='ltr'><strong>per</strong></span> <span class='ocrx_word' id='word_1_113' title='bbox 1099 2229 1202 2292; x_wconf 91' lang='lat' dir='ltr'><strong>orbem</strong></span> 
     </span>
     <span class='ocr_line' id='line_1_21' title="bbox 393 2312 1092 2394; baseline -0.004 -17"><span class='ocrx_word' id='word_1_114' title='bbox 393 2322 424 2377; x_wconf 91' lang='lat' dir='ltr'><strong>et</strong></span> <span class='ocrx_word' id='word_1_115' title='bbox 437 2321 626 2394; x_wconf 89' lang='lat' dir='ltr'><strong>permutatus</strong></span> <span class='ocrx_word' id='word_1_116' title='bbox 641 2312 797 2375; x_wconf 90' lang='lat' dir='ltr'><strong>disiunctis</strong></span> <span class='ocrx_word' id='word_1_117' title='bbox 813 2315 968 2376; x_wconf 91' lang='lat' dir='ltr'><strong>mensibus</strong></span> <span class='ocrx_word' id='word_1_118' title='bbox 982 2332 1092 2375; x_wconf 89' lang='lat' dir='ltr'><strong>annus.</strong></span> 
     </span>
     <span class='ocr_line' id='line_1_22' title="bbox 392 2397 1083 2480; baseline 0 -20"><span class='ocrx_word' id='word_1_119' title='bbox 392 2398 520 2480; x_wconf 85' lang='lat' dir='ltr'><strong>proiecit</strong></span> <span class='ocrx_word' id='word_1_120' title='bbox 533 2399 636 2460; x_wconf 84' lang='lat' dir='ltr'><strong>vitium</strong></span> <span class='ocrx_word' id='word_1_121' title='bbox 651 2397 769 2477; x_wconf 89' lang='lat' dir='ltr'><strong>iamque</strong></span> <span class='ocrx_word' id='word_1_122' title='bbox 783 2417 870 2461; x_wconf 92' lang='lat' dir='ltr'><strong>error</strong></span> <span class='ocrx_word' id='word_1_123' title='bbox 884 2400 970 2461; x_wconf 89' lang='lat' dir='ltr'><strong>iussit</strong></span> <span class='ocrx_word' id='word_1_124' title='bbox 985 2400 1083 2460; x_wconf 91' lang='lat' dir='ltr'><strong>inanis</strong></span> 
     </span>
     <span class='ocr_line' id='line_1_23' title="bbox 393 2483 1145 2565; baseline 0 -19"><span class='ocrx_word' id='word_1_125' title='bbox 393 2485 538 2564; x_wconf 80' lang='lat' dir='ltr'><strong>agricolas</strong></span> <span class='ocrx_word' id='word_1_126' title='bbox 553 2484 666 2565; x_wconf 91' lang='lat' dir='ltr'><strong>primos</strong></span> <span class='ocrx_word' id='word_1_127' title='bbox 682 2483 783 2546; x_wconf 84' lang='lat' dir='ltr'><strong>Cereri</strong></span> <span class='ocrx_word' id='word_1_128' title='bbox 798 2485 869 2546; x_wconf 88' lang='lat' dir='ltr'><strong>dare</strong></span> <span class='ocrx_word' id='word_1_129' title='bbox 884 2485 989 2547; x_wconf 88' lang='lat' dir='ltr'><strong>messis</strong></span> <span class='ocrx_word' id='word_1_130' title='bbox 1003 2484 1145 2559; x_wconf 87' lang='lat' dir='ltr'><strong>bonores,</strong></span> 
     </span>
     <span class='ocr_line' id='line_1_24' title="bbox 392 2568 1157 2656; baseline -0.001 -24"><span class='ocrx_word' id='word_1_131' title='bbox 392 2569 565 2656; x_wconf 82' lang='lat' dir='ltr'><strong>palmitibus</strong></span> <span class='ocrx_word' id='word_1_132' title='bbox 579 2570 677 2649; x_wconf 92' lang='lat' dir='ltr'><strong>plenis</strong></span> <span class='ocrx_word' id='word_1_133' title='bbox 692 2568 841 2632; x_wconf 88' lang='lat' dir='ltr'><strong>Bacchum</strong></span> <span class='ocrx_word' id='word_1_134' title='bbox 857 2570 980 2644; x_wconf 85' lang='lat' dir='ltr'><strong>vincire,</strong></span> <span class='ocrx_word' id='word_1_135' title='bbox 996 2569 1157 2648; x_wconf 78' lang='lat' dir='ltr'><strong>Palemque</strong></span> 
     </span>
     <span class='ocr_line' id='line_1_25' title="bbox 393 2654 1175 2736; baseline -0.001 -18"><span class='ocrx_word' id='word_1_136' title='bbox 393 2664 546 2736; x_wconf 91' lang='lat' dir='ltr'><strong>pastorum</strong></span> <span class='ocrx_word' id='word_1_137' title='bbox 562 2654 692 2735; x_wconf 84' lang='lat' dir='ltr'><strong>gaudere</strong></span> <span class='ocrx_word' id='word_1_138' title='bbox 707 2673 808 2717; x_wconf 87' lang='lat' dir='ltr'><strong>manu.</strong></span> <span class='ocrx_word' id='word_1_139' title='bbox 838 2663 920 2716; x_wconf 92' lang='lat' dir='ltr'><strong>natat</strong></span> <span class='ocrx_word' id='word_1_140' title='bbox 935 2654 1061 2717; x_wconf 83' lang='lat' dir='ltr'><strong>obrutus</strong></span> <span class='ocrx_word' id='word_1_141' title='bbox 1076 2655 1175 2717; x_wconf 89' lang='lat' dir='ltr'><strong>omnis</strong></span> 
     </span>
     <span class='ocr_line' id='line_1_26' title="bbox 393 2740 1151 2823; baseline -0.001 -20"><span class='ocrx_word' id='word_1_142' title='bbox 393 2741 552 2821; x_wconf 84' lang='lat' dir='ltr'><strong>Neptunus</strong></span> <span class='ocrx_word' id='word_1_143' title='bbox 566 2741 721 2802; x_wconf 82' lang='lat' dir='ltr'><strong>demersus</strong></span> <span class='ocrx_word' id='word_1_144' title='bbox 737 2758 823 2823; x_wconf 88' lang='lat' dir='ltr'><strong>aqua,</strong></span> <span class='ocrx_word' id='word_1_145' title='bbox 839 2740 996 2821; x_wconf 87' lang='lat' dir='ltr'><strong>Pallasque</strong></span> <span class='ocrx_word' id='word_1_146' title='bbox 1010 2740 1151 2802; x_wconf 80' lang='lat' dir='ltr'><strong>tabernas</strong></span> 
     </span>
     <span class='ocr_line' id='line_1_27' title="bbox 394 2824 1143 2906; baseline -0.003 -19"><span class='ocrx_word' id='word_1_147' title='bbox 394 2826 536 2888; x_wconf 83' lang='lat' dir='ltr'><strong>vindicat.</strong></span> <span class='ocrx_word' id='word_1_148' title='bbox 564 2833 594 2887; x_wconf 91' lang='lat' dir='ltr'><strong>et</strong></span> <span class='ocrx_word' id='word_1_149' title='bbox 608 2826 668 2887; x_wconf 87' lang='lat' dir='ltr'><strong>voti</strong></span> <span class='ocrx_word' id='word_1_150' title='bbox 684 2843 754 2887; x_wconf 89' lang='lat' dir='ltr'><strong>reus</strong></span> <span class='ocrx_word' id='word_1_151' title='bbox 769 2826 865 2906; x_wconf 93' lang='lat' dir='ltr'><strong>etqui</strong></span> <span class='ocrx_word' id='word_1_152' title='bbox 881 2825 1013 2888; x_wconf 87' lang='lat' dir='ltr'><strong>vendidit</strong></span> <span class='ocrx_word' id='word_1_153' title='bbox 1027 2824 1143 2905; x_wconf 88' lang='lat' dir='ltr'><strong>orbem,</strong></span> 
     </span>
     <span class='ocr_line' id='line_1_28' title="bbox 393 2910 1133 2991; baseline 0 -19"><span class='ocrx_word' id='word_1_154' title='bbox 393 2912 451 2972; x_wconf 91' lang='lat' dir='ltr'><strong>iam</strong></span> <span class='ocrx_word' id='word_1_155' title='bbox 466 2910 522 2974; x_wconf 93' lang='lat' dir='ltr'><strong>sibi</strong></span> <span class='ocrx_word' id='word_1_156' title='bbox 538 2911 665 2991; x_wconf 92' lang='lat' dir='ltr'><strong>quisque</strong></span> <span class='ocrx_word' id='word_1_157' title='bbox 680 2910 753 2973; x_wconf 89' lang='lat' dir='ltr'><strong>deos</strong></span> <span class='ocrx_word' id='word_1_158' title='bbox 768 2912 853 2973; x_wconf 85' lang='lat' dir='ltr'><strong>avido</strong></span> <span class='ocrx_word' id='word_1_159' title='bbox 868 2911 1032 2972; x_wconf 84' lang='lat' dir='ltr'><strong>certamine</strong></span> <span class='ocrx_word' id='word_1_160' title='bbox 1046 2911 1133 2990; x_wconf 76' lang='lat' dir='ltr'><strong>lingit</strong></span> 
     </span>
    </p>
   </div>
   <div class='ocr_carea' id='block_1_5' title="bbox 293 3008 1354 3213">
    <p class='ocr_par' dir='ltr' id='par_1_5' title="bbox 293 3008 1354 3213">
     <span class='ocr_line' id='line_1_29' title="bbox 381 3008 1354 3078; baseline 0.001 -16"><span class='ocrx_word' id='word_1_161' title='bbox 381 3013 394 3062; x_wconf 91' lang='lat'>1</span> <span class='ocrx_word' id='word_1_162' title='bbox 412 3008 624 3077; x_wconf 81' lang='lat' dir='ltr'><strong>primns—timor</strong></span> <span class='ocrx_word' id='word_1_163' title='bbox 645 3009 726 3060; x_wconf 80' lang='lat' dir='ltr'><strong>babet</strong></span> <span class='ocrx_word' id='word_1_164' title='bbox 747 3008 851 3062; x_wconf 75' lang='lat' dir='ltr'><strong>Statius</strong></span> <span class='ocrx_word' id='word_1_165' title='bbox 873 3008 951 3062; x_wconf 74' lang='lat' dir='ltr'><strong>roeo.</strong></span> <span class='ocrx_word' id='word_1_166' title='bbox 969 3009 1013 3062; x_wconf 90' lang='lat'><strong>111</strong></span> <span class='ocrx_word' id='word_1_167' title='bbox 1019 3010 1065 3063; x_wconf 75' lang='lat' dir='ltr'><strong>ddl</strong></span> <span class='ocrx_word' id='word_1_168' title='bbox 1079 3009 1119 3076; x_wconf 75' lang='lat' dir='ltr'><strong>ll</strong></span> <span class='ocrx_word' id='word_1_169' title='bbox 1136 3010 1253 3064; x_wconf 86' lang='lat' dir='ltr'><strong>deiectus</strong></span> <span class='ocrx_word' id='word_1_170' title='bbox 1265 3011 1301 3078; x_wconf 82' lang='grc'><strong>16</strong></span> <span class='ocrx_word' id='word_1_171' title='bbox 1316 3018 1354 3074; x_wconf 74' lang='lat' dir='ltr'><strong>pet</strong></span> 
     </span>
     <span class='ocr_line' id='line_1_30' title="bbox 293 3070 1354 3147; baseline -0.003 -18"><span class='ocrx_word' id='word_1_172' title='bbox 293 3078 401 3130; x_wconf 81' lang='lat' dir='ltr'><strong>mutatis</strong></span> <span class='ocrx_word' id='word_1_173' title='bbox 414 3078 451 3144; x_wconf 79' lang='grc' dir='ltr'><strong>1Ιῖ</strong></span> <span class='ocrx_word' id='word_1_174' title='bbox 469 3077 580 3146; x_wconf 86' lang='lat' dir='ltr'><strong>proiecit</strong></span> <span class='ocrx_word' id='word_1_175' title='bbox 595 3082 600 3140; x_wconf 80' lang='lat' dir='ltr'><strong>l</strong></span> <span class='ocrx_word' id='word_1_176' title='bbox 614 3076 716 3145; x_wconf 71' lang='lat' dir='ltr'><strong>atquel</strong></span> <span class='ocrx_word' id='word_1_177' title='bbox 731 3080 762 3130; x_wconf 82' lang='lat' dir='ltr'><strong>lo</strong></span> <span class='ocrx_word' id='word_1_178' title='bbox 780 3081 857 3129; x_wconf 85' lang='lat' dir='ltr'><strong>nutat</strong></span> <span class='ocrx_word' id='word_1_179' title='bbox 875 3078 984 3131; x_wconf 79' lang='lat' dir='ltr'><strong>obrutus</strong></span> <span class='ocrx_word' id='word_1_180' title='bbox 1002 3080 1051 3130; x_wconf 76' lang='lat' dir='ltr'><strong>sed</strong></span> <span class='ocrx_word' id='word_1_181' title='bbox 1061 3081 1179 3146; x_wconf 78' lang='lat' dir='ltr'><strong>tndoep</strong></span> <span class='ocrx_word' id='word_1_182' title='bbox 1192 3095 1275 3147; x_wconf 73' lang='lat' dir='ltr'><strong>cuper</strong></span> <span class='ocrx_word' id='word_1_183' title='bbox 1285 3083 1311 3132; x_wconf 93' lang='lat' dir='ltr'><strong>nt</strong></span> <span class='ocrx_word' id='word_1_184' title='bbox 1325 3070 1354 3126; x_wconf 72' lang='lat' dir='ltr'><strong>ct</strong></span> 
     </span>
     <span class='ocr_line' id='line_1_31' title="bbox 294 3146 757 3213; baseline 0 -16"><span class='ocrx_word' id='word_1_185' title='bbox 294 3148 435 3213; x_wconf 75' lang='lat' dir='ltr'><strong>scriptum.</strong></span> <span class='ocrx_word' id='word_1_186' title='bbox 454 3146 560 3197; x_wconf 71' lang='lat' dir='ltr'><strong>conieci·</strong></span> <span class='ocrx_word' id='word_1_187' title='bbox 576 3149 667 3213; x_wconf 86' lang='lat' dir='ltr'><strong>portus</strong></span> <span class='ocrx_word' id='word_1_188' title='bbox 685 3149 757 3197; x_wconf 86' lang='lat' dir='ltr'><strong>tenet</strong></span> 
     </span>
    </p>
   </div>
   <div class='ocr_carea' id='block_1_6' title="bbox 338 3297 1191 4146">
    <p class='ocr_par' dir='ltr' id='par_1_6' title="bbox 761 3297 903 3360">
     <span class='ocr_line' id='line_1_32' title="bbox 761 3297 903 3360; baseline 0 0"><span class='ocrx_word' id='word_1_189' title='bbox 761 3297 903 3360; x_wconf 81' lang='lat' dir='ltr'><strong>xxvlll*</strong></span> 
     </span>
    </p>

    <p class='ocr_par' dir='ltr' id='par_1_7' title="bbox 394 3384 1191 3720">
     <span class='ocr_line' id='line_1_33' title="bbox 395 3384 1105 3447; baseline 0 -1"><span class='ocrx_word' id='word_1_190' title='bbox 395 3402 464 3446; x_wconf 94' lang='lat' dir='ltr'><strong>nam</strong></span> <span class='ocrx_word' id='word_1_191' title='bbox 480 3384 569 3447; x_wconf 89' lang='lat' dir='ltr'><strong>citius</strong></span> <span class='ocrx_word' id='word_1_192' title='bbox 583 3385 716 3447; x_wconf 88' lang='lat' dir='ltr'><strong>llammas</strong></span> <span class='ocrx_word' id='word_1_193' title='bbox 731 3384 872 3446; x_wconf 89' lang='lat' dir='ltr'><strong>mortales</strong></span> <span class='ocrx_word' id='word_1_194' title='bbox 888 3402 940 3446; x_wconf 93' lang='lat' dir='ltr'><strong>ore</strong></span> <span class='ocrx_word' id='word_1_195' title='bbox 955 3384 1105 3447; x_wconf 87' lang='lat' dir='ltr'><strong>tenebunt</strong></span> 
     </span>
     <span class='ocr_line' id='line_1_34' title="bbox 394 3470 1191 3551; baseline -0.001 -19"><span class='ocrx_word' id='word_1_196' title='bbox 394 3488 485 3551; x_wconf 59' lang='lat' dir='ltr'><strong>mam</strong></span> <span class='ocrx_word' id='word_1_197' title='bbox 499 3480 615 3532; x_wconf 90' lang='lat' dir='ltr'><strong>secreta</strong></span> <span class='ocrx_word' id='word_1_198' title='bbox 629 3477 740 3550; x_wconf 80' lang='lat' dir='ltr'><strong>tegant.</strong></span> <span class='ocrx_word' id='word_1_199' title='bbox 771 3470 913 3549; x_wconf 88' lang='lat' dir='ltr'><strong>quioquid</strong></span> <span class='ocrx_word' id='word_1_200' title='bbox 929 3471 1052 3533; x_wconf 84' lang='lat' dir='ltr'><strong>dimittis</strong></span> <span class='ocrx_word' id='word_1_201' title='bbox 1068 3472 1099 3532; x_wconf 95' lang='lat' dir='ltr'><strong>in</strong></span> <span class='ocrx_word' id='word_1_202' title='bbox 1115 3470 1191 3545; x_wconf 88' lang='lat' dir='ltr'><strong>aula,</strong></span> 
     </span>
     <span class='ocr_line' id='line_1_35' title="bbox 394 3554 1089 3637; baseline 0.001 -21"><span class='ocrx_word' id='word_1_203' title='bbox 394 3555 490 3616; x_wconf 84' lang='lat' dir='ltr'><strong>effluit</strong></span> <span class='ocrx_word' id='word_1_204' title='bbox 503 3563 533 3616; x_wconf 89' lang='lat' dir='ltr'><strong>et</strong></span> <span class='ocrx_word' id='word_1_205' title='bbox 548 3555 654 3617; x_wconf 85' lang='lat' dir='ltr'><strong>subitis</strong></span> <span class='ocrx_word' id='word_1_206' title='bbox 669 3554 840 3617; x_wconf 88' lang='lat' dir='ltr'><strong>rumoribus</strong></span> <span class='ocrx_word' id='word_1_207' title='bbox 857 3556 966 3636; x_wconf 91' lang='lat' dir='ltr'><strong>oppida</strong></span> <span class='ocrx_word' id='word_1_208' title='bbox 981 3557 1089 3637; x_wconf 83' lang='lat' dir='ltr'><strong>pulsat.</strong></span> 
     </span>
     <span class='ocr_line' id='line_1_36' title="bbox 394 3640 1140 3720; baseline 0.001 -18"><span class='ocrx_word' id='word_1_209' title='bbox 394 3657 453 3702; x_wconf 91' lang='lat' dir='ltr'><strong>nec</strong></span> <span class='ocrx_word' id='word_1_210' title='bbox 468 3640 539 3701; x_wconf 91' lang='lat' dir='ltr'><strong>satis</strong></span> <span class='ocrx_word' id='word_1_211' title='bbox 554 3649 599 3702; x_wconf 86' lang='lat' dir='ltr'><strong>est</strong></span> <span class='ocrx_word' id='word_1_212' title='bbox 613 3640 748 3720; x_wconf 83' lang='lat' dir='ltr'><strong>vulgasse</strong></span> <span class='ocrx_word' id='word_1_213' title='bbox 762 3641 866 3702; x_wconf 86' lang='lat' dir='ltr'><strong>fidem:</strong></span> <span class='ocrx_word' id='word_1_214' title='bbox 883 3642 1063 3704; x_wconf 89' lang='lat' dir='ltr'><strong>cumulatius</strong></span> <span class='ocrx_word' id='word_1_215' title='bbox 1079 3642 1140 3703; x_wconf 86' lang='lat' dir='ltr'><strong>exit</strong></span> 
     </span>
    </p>

    <p class='ocr_par' dir='ltr' id='par_1_8' title="bbox 338 3725 1175 4146">
     <span class='ocr_line' id='line_1_37' title="bbox 338 3725 1132 3807; baseline -0.001 -20"><span class='ocrx_word' id='word_1_216' title='bbox 338 3737 352 3787; x_wconf 78' lang='lat'><strong>5</strong></span> <span class='ocrx_word' id='word_1_217' title='bbox 394 3725 574 3807; x_wconf 86' lang='lat' dir='ltr'><strong>proditionis</strong></span> <span class='ocrx_word' id='word_1_218' title='bbox 590 3744 666 3806; x_wconf 91' lang='lat' dir='ltr'><strong>opus</strong></span> <span class='ocrx_word' id='word_1_219' title='bbox 679 3727 848 3805; x_wconf 89' lang='lat' dir='ltr'><strong>famamque</strong></span> <span class='ocrx_word' id='word_1_220' title='bbox 866 3745 992 3789; x_wconf 89' lang='lat' dir='ltr'><strong>onerare</strong></span> <span class='ocrx_word' id='word_1_221' title='bbox 1009 3726 1132 3787; x_wconf 90' lang='lat' dir='ltr'><strong>laborat.</strong></span> 
     </span>
     <span class='ocr_line' id='line_1_38' title="bbox 395 3811 1153 3875; baseline 0 -3"><span class='ocrx_word' id='word_1_222' title='bbox 395 3812 438 3872; x_wconf 89' lang='lat' dir='ltr'><strong>sic</strong></span> <span class='ocrx_word' id='word_1_223' title='bbox 454 3811 611 3873; x_wconf 84' lang='lat' dir='ltr'><strong>commissa</strong></span> <span class='ocrx_word' id='word_1_224' title='bbox 625 3829 733 3873; x_wconf 82' lang='lat' dir='ltr'><strong>verens</strong></span> <span class='ocrx_word' id='word_1_225' title='bbox 748 3813 850 3874; x_wconf 87' lang='lat' dir='ltr'><strong>avidus</strong></span> <span class='ocrx_word' id='word_1_226' title='bbox 866 3829 1001 3875; x_wconf 85' lang='lat' dir='ltr'><strong>reserare</strong></span> <span class='ocrx_word' id='word_1_227' title='bbox 1015 3811 1153 3873; x_wconf 92' lang='lat' dir='ltr'><strong>minister</strong></span> 
     </span>
     <span class='ocr_line' id='line_1_39' title="bbox 394 3895 1168 3977; baseline 0.001 -19"><span class='ocrx_word' id='word_1_228' title='bbox 394 3896 470 3958; x_wconf 89' lang='lat' dir='ltr'><strong>fodit</strong></span> <span class='ocrx_word' id='word_1_229' title='bbox 483 3896 608 3958; x_wconf 89' lang='lat' dir='ltr'><strong>humum</strong></span> <span class='ocrx_word' id='word_1_230' title='bbox 624 3897 763 3976; x_wconf 80' lang='lat' dir='ltr'><strong>regisque</strong></span> <span class='ocrx_word' id='word_1_231' title='bbox 778 3897 906 3960; x_wconf 80' lang='lat' dir='ltr'><strong>latentes</strong></span> <span class='ocrx_word' id='word_1_232' title='bbox 919 3895 1051 3977; x_wconf 85' lang='lat' dir='ltr'><strong>prodidit</strong></span> <span class='ocrx_word' id='word_1_233' title='bbox 1066 3914 1168 3973; x_wconf 91' lang='lat' dir='ltr'><strong>aures;</strong></span> 
     </span>
     <span class='ocr_line' id='line_1_40' title="bbox 395 3980 1175 4061; baseline 0 -17"><span class='ocrx_word' id='word_1_234' title='bbox 395 3982 536 4061; x_wconf 91' lang='lat' dir='ltr'><strong>concepit</strong></span> <span class='ocrx_word' id='word_1_235' title='bbox 551 4000 620 4043; x_wconf 89' lang='lat' dir='ltr'><strong>nam</strong></span> <span class='ocrx_word' id='word_1_236' title='bbox 634 3991 714 4043; x_wconf 91' lang='lat' dir='ltr'><strong>terra</strong></span> <span class='ocrx_word' id='word_1_237' title='bbox 728 4001 821 4045; x_wconf 90' lang='lat' dir='ltr'><strong>sonos</strong></span> <span class='ocrx_word' id='word_1_238' title='bbox 835 3983 1001 4061; x_wconf 88' lang='lat' dir='ltr'><strong>calamique</strong></span> <span class='ocrx_word' id='word_1_239' title='bbox 1016 3980 1175 4060; x_wconf 85' lang='lat' dir='ltr'><strong>loquentes</strong></span> 
     </span>
     <span class='ocr_line' id='line_1_41' title="bbox 397 4066 1099 4146; baseline -0.004 -16"><span class='ocrx_word' id='word_1_240' title='bbox 397 4069 541 4130; x_wconf 87' lang='lat' dir='ltr'><strong>invenere</strong></span> <span class='ocrx_word' id='word_1_241' title='bbox 556 4066 674 4143; x_wconf 87' lang='lat' dir='ltr'><strong>blidam,</strong></span> <span class='ocrx_word' id='word_1_242' title='bbox 689 4068 806 4146; x_wconf 90' lang='lat' dir='ltr'><strong>qualem</strong></span> <span class='ocrx_word' id='word_1_243' title='bbox 823 4073 995 4129; x_wconf 82' lang='lat' dir='ltr'><strong>narraverat</strong></span> <span class='ocrx_word' id='word_1_244' title='bbox 1009 4067 1099 4128; x_wconf 85' lang='lat' dir='ltr'><strong>index</strong></span> 
     </span>
    </p>
   </div>
   <div class='ocr_carea' id='block_1_7' title="bbox 296 4166 1354 4305">
    <p class='ocr_par' dir='ltr' id='par_1_9' title="bbox 296 4166 1354 4305">
     <span class='ocr_line' id='line_1_42' title="bbox 382 4166 1354 4235; baseline -0.004 -15"><span class='ocrx_word' id='word_1_245' title='bbox 382 4167 522 4221; x_wconf 70' lang='lat' dir='ltr'><strong>tdemittis</strong></span> <span class='ocrx_word' id='word_1_246' title='bbox 534 4168 561 4219; x_wconf 92' lang='lat' dir='ltr'><strong>in</strong></span> <span class='ocrx_word' id='word_1_247' title='bbox 574 4181 661 4220; x_wconf 86' lang='lat' dir='ltr'><strong>aurem</strong></span> <span class='ocrx_word' id='word_1_248' title='bbox 668 4168 808 4220; x_wconf 77' lang='lat' dir='ltr'><strong>Francius</strong></span> <span class='ocrx_word' id='word_1_249' title='bbox 819 4166 829 4235; x_wconf 76' lang='lat' dir='ltr'>fl</span> <span class='ocrx_word' id='word_1_250' title='bbox 843 4168 861 4219; x_wconf 84' lang='grc'>6</span> <span class='ocrx_word' id='word_1_251' title='bbox 878 4166 963 4219; x_wconf 79' lang='lat' dir='ltr'><strong>serens</strong></span> <span class='ocrx_word' id='word_1_252' title='bbox 975 4166 1062 4218; x_wconf 67' lang='lat' dir='ltr'><strong>codex</strong></span> <span class='ocrx_word' id='word_1_253' title='bbox 1074 4166 1226 4219; x_wconf 69' lang='lat' dir='ltr'><strong>Vossianus</strong></span> <span class='ocrx_word' id='word_1_254' title='bbox 1239 4168 1250 4235; x_wconf 78' lang='lat' dir='ltr'><strong>ll</strong></span> <span class='ocrx_word' id='word_1_255' title='bbox 1262 4171 1354 4222; x_wconf 84' lang='lat' dir='ltr'><strong>8sonu</strong></span> 
     </span>
     <span class='ocr_line' id='line_1_43' title="bbox 296 4232 1236 4305; baseline -0.001 -18"><span class='ocrx_word' id='word_1_256' title='bbox 296 4232 460 4301; x_wconf 62' lang='lat' dir='ltr'><strong>mamone</strong></span> <span class='ocrx_word' id='word_1_257' title='bbox 471 4236 511 4304; x_wconf 73' lang='lat'><strong>{19</strong></span> <span class='ocrx_word' id='word_1_258' title='bbox 529 4241 682 4305; x_wconf 81' lang='lat' dir='ltr'><strong>conceperat</strong></span> <span class='ocrx_word' id='word_1_259' title='bbox 699 4236 779 4301; x_wconf 65' lang='lat' dir='ltr'><strong>Mam,</strong></span> <span class='ocrx_word' id='word_1_260' title='bbox 796 4235 869 4287; x_wconf 63' lang='lat' dir='ltr'><strong>on&amp;</strong></span> <span class='ocrx_word' id='word_1_261' title='bbox 885 4241 1055 4302; x_wconf 73' lang='lat' dir='ltr'><strong>conspexerat</strong></span> <span class='ocrx_word' id='word_1_262' title='bbox 1071 4234 1236 4287; x_wconf 67' lang='lat' dir='ltr'><strong>Monoleum</strong></span> 
     </span>
    </p>
   </div>
   <div class='ocr_carea' id='block_1_8' title="bbox 0 0 1719 4934">
    <p class='ocr_par' dir='ltr' id='par_1_10' title="bbox 0 0 1719 4934">
     <span class='ocr_line' id='line_1_44' title="bbox 0 0 1719 4934; baseline 0 0"><span class='ocrx_word' id='word_1_263' title='bbox 0 0 1719 4934; x_wconf 95' lang='lat' dir='ltr'><strong> </strong></span> 
     </span>
    </p>
   </div>
  </div>
 </body>
</html>
