3417 4934
769 512 924 568 servule
1350 515 1389 572 11

274 689 406 751 crecere
421 685 521 763 debui,
545 704 613 749 oum
629 686 707 750 lame
729 684 887 750 morerer?
915 705 953 748 an
969 686 1105 750 videlicet
1119 686 1252 750 audirem
1268 697 1391 750 senten-

306 773 370 851 tias,
394 772 426 835 id
448 781 493 835 est
512 771 606 835 vitrea
628 773 720 836 fracta
736 781 765 835 et
779 773 967 835 somniorum
982 771 1269 854 interpretamenta?
1299 773 1392 836 multo
1413 785 1428 834 2

309 878 355 921 me
369 858 491 941 turpior
507 867 587 921 estu
602 858 732 933 hercule,
757 858 807 938 qui
823 867 858 922 ut
872 857 946 921 foris
961 877 1094 934 cencres,
1115 869 1234 940 poetam
1248 858 1392 922 laudasti'.

393 945 496 1025 itaque
513 963 549 1007 es
564 945 734 1025 turpissima
746 944 797 1006 lite
812 944 843 1006 in
860 944 953 1007 risum
969 943 1068 1008 diffusi
1082 945 1216 1026 pacatius
1231 945 1267 1006 ad
1279 945 1392 1025 reliqua
1414 956 1429 1005 3

282 1030 484 1094 cseoessimus

839 1120 855 1157 ἡ

392 1220 500 1264 rursus
522 1201 553 1263 in
576 1200 751 1263 memoriam
775 1210 931 1264 revocatus
953 1202 1080 1264 iniuriae
1108 1200 1247 1284 ‘Ascylte'
1268 1200 1393 1282 inquam
1415 1213 1430 1263 1

312 1287 461 1368 ‘intellego
485 1286 573 1349 nobis
596 1286 759 1349 convenire
782 1307 843 1350 non
868 1306 967 1368 posse.
995 1288 1096 1368 itaque
1111 1305 1287 1349 communes
1302 1286 1393 1349 sarci·

261 1425 263 1444 ,
314 1372 392 1437 nolas
403 1372 612 1454 partiamurac
620 1381 968 1455 paupertatemnostram
979 1373 1100 1455 privatis
1112 1372 1284 1452 quaestibus
1295 1381 1393 1453 temp·

261 1453 267 1488 u
313 1468 404 1521 umus
419 1458 578 1538 expellere.
617 1467 647 1520 et
669 1467 701 1521 tu
724 1458 838 1521 litteras
861 1459 919 1521 scis
941 1468 971 1522 et
991 1478 1056 1539 ego.
1094 1477 1133 1521 ne
1149 1457 1321 1539 quaestibus
1335 1458 1431 1520 tuiso

261 1535 299 1603 'u
315 1543 434 1620 obstem,
458 1543 538 1606 aliud
561 1543 672 1624 aliquid
694 1544 883 1625 promittam3
906 1544 1016 1624 alioqui
1039 1544 1120 1607 mille
1140 1562 1246 1607 musae
1262 1543 1394 1623 quotidie

315 1648 363 1693 nos
378 1629 524 1693 collident
538 1636 569 1691 et
590 1648 646 1710 per
659 1636 753 1692 totam
768 1630 874 1693 urbem
891 1629 1064 1693 rumoribus
1079 1628 1237 1694 different’.
1267 1648 1329 1690 non
1345 1646 1394 1690 re·
1415 1641 1431 1689 d

318 1717 423 1779 tumuit
445 1714 580 1796 Ascyltos
602 1723 632 1777 et
654 1715 762 1779 ‘hodie'
784 1716 884 1796 inquit
906 1717 987 1797 ‘quia
1002 1725 1144 1796 tanquam
1167 1714 1335 1779 scholastici
1358 1713 1393 1774 ad

318 1818 416 1863 unam
439 1800 643 1881 promisimus,
666 1821 727 1863 non
751 1803 912 1883 perdamus
935 1810 1066 1867 noctem.
1110 1821 1176 1865 cras
1194 1810 1303 1875 autem,
1326 1800 1395 1881 quia

316 1886 367 1950 hoc
382 1886 467 1962 libet,
490 1894 521 1949 et
543 1886 758 1950 habitationem
780 1888 853 1950 mihi
869 1888 1048 1968 prospiciam
1064 1898 1094 1950 et
1109 1889 1236 1969 aliquem
1251 1884 1395 1949 iratrem'.

281 1977 299 2029 15
316 1968 436 2035 ‘tardum
452 1971 507 2035 est'
522 1971 644 2051 inquam
661 1972 792 2036 ‘differre
808 1972 889 2053 quod
903 1972 1010 2054 plaeet’
1410 1984 1425 2033 1

841 2081 859 2120 *

389 2142 469 2206 hanc
480 2149 541 2204 tam
553 2143 748 2223 praecipitem
760 2144 936 2208 divisionem
948 2144 1040 2206 libido
1054 2142 1193 2220 faciebam
1211 2142 1393 2205 iamdudum

313 2230 387 2291 enim
407 2229 524 2290 amoliri
546 2229 703 2310 cupiebam
730 2232 886 2294 custodem
911 2230 1081 2305 molestum,
1108 2238 1142 2293 ut
1166 2239 1298 2292 veterem
1324 2247 1394 2291 oum

314 2314 417 2377 Gitone
432 2333 500 2377 meo
516 2314 664 2377 rationem
679 2316 853 2379 reducerem

841 2424 858 2463 *

389 2493 550 2568 postquam
572 2486 693 2549 lustrari
716 2488 810 2550 oculis
832 2496 925 2551 totam
949 2487 1063 2566 urbem,
1089 2487 1121 2548 in
1144 2485 1279 2549 cellulam
1303 2486 1390 2565 rodii,
1410 2484 1450 2551 11

277 2571 479 2652 hosculisque
501 2570 621 2633 tandem
644 2572 724 2634 bona
746 2574 804 2635 fido
828 2573 938 2636 exactis
956 2573 1044 2651 alligo
1060 2571 1215 2634 artissimis
1230 2573 1393 2652 complexi-

314 2655 366 2722 bus
380 2675 511 2740 puerum
526 2658 669 2737 fruorque
684 2658 759 2720 votis
774 2677 870 2740 usque
886 2658 923 2719 ad
937 2658 1077 2721 invidiam
1092 2657 1239 2719 felicibus.
1270 2676 1327 2719 neo
1342 2661 1394 2721 ad·
1416 2670 1430 2718 2

312 2743 368 2807 huo
383 2743 505 2824 quidem
522 2744 622 2805 omnia
641 2753 728 2806 erant
747 2745 834 2820 iacta,
859 2763 928 2806 oum
943 2742 1079 2824 Ascyltos
1100 2743 1204 2805 furtim
1227 2761 1259 2806 se
1280 2744 1396 2809 loribus

312 2828 439 2892 admovit
455 2828 655 2909 discussisque
671 2830 830 2894 fortissime
851 2831 989 2894 claustris
1008 2829 1122 2891 invenit
1144 2847 1192 2890 me
1214 2847 1282 2891 cum
1304 2831 1396 2894 fratre

312 2914 474 2978 ludentem.
518 2914 581 2977 risu
603 2915 703 2995 itaque
731 2916 900 2997 plausuque
922 2916 1059 2980 cellulam
1089 2914 1229 2994 implevit,
1259 2924 1396 2994 opertum

271 3006 358 3062 hmo
380 3000 509 3063 amiculo
532 3000 639 3063 evolvit
661 3010 691 3063 et
712 3002 795 3084 ‘quid
817 3001 934 3082 agebas’
956 3001 1056 3082 inquit
1078 3001 1182 3062 ‘irater
1201 3001 1397 3080 sanctissime,
1419 3012 1434 3061 3

312 3085 362 3165 qui
385 3086 491 3149 diverti
507 3086 742 3150 contubernium
757 3086 861 3150 lacisl'
892 3106 949 3150 nec
967 3107 999 3151 se
1014 3086 1111 3149 solum
1126 3087 1205 3148 intra
1219 3086 1309 3148 verba
1325 3107 1398 3151 oon·
1420 3098 1435 3146 1

311 3171 409 3251 tinuit,
431 3172 483 3233 sed
506 3171 604 3234 lorum
627 3172 664 3235 de
687 3192 759 3255 pera
781 3173 868 3237 solvit
888 3182 919 3236 et
937 3192 985 3234 me
1000 3173 1101 3252 coepit
1115 3191 1177 3233 non
1192 3174 1397 3252 perfunctorie

309 3257 618 3405 qrerborarefitadiectis
641 3260 729 3322 etiam
751 3259 956 3340 petulantibus
977 3258 1077 3325 dictis:
1100 3258 1154 3321 ‘sic
1176 3257 1304 3321 dividere
1327 3278 1394 3321 oum

338 3351 403 3405 atre
419 3361 458 3406 no
496 3363 513 3405 o

843 3428 860 3464 *

267 3520 293 3572 tu
399 3513 594 3577 veniebamus
608 3515 639 3577 in
656 3517 755 3578 lorum
771 3516 928 3578 deficiente
942 3516 1000 3577 iam
1016 3515 1072 3591 die,
1094 3515 1126 3576 in
1148 3532 1208 3594 quo
1230 3516 1396 3578 notavimus
1413 3512 1454 3580 12

312 3599 515 3678 frequentiam
529 3619 633 3662 rerum
647 3602 806 3678 venalium,
830 3620 892 3663 non
917 3602 1036 3681 quidem
1060 3600 1260 3682 pretiosarum
1282 3601 1334 3663 sed
1354 3611 1399 3663 ta·

312 3701 381 3746 men
399 3703 527 3765 quarum
549 3685 637 3749 fldem
660 3688 736 3750 male
758 3687 959 3750 ambulantem
976 3687 1142 3749 obscuritas
1157 3687 1302 3766 temporis
1317 3687 1398 3749 iacil-

311 3769 382 3831 lime
397 3778 522 3852 tegeret.
553 3791 621 3836 cum
646 3792 718 3854 ergo
741 3781 771 3836 et
792 3774 850 3853 ipsi
872 3781 990 3853 raptum
1005 3772 1162 3834 latrocinio
1177 3772 1299 3852 pallium
1314 3771 1399 3834 detu-
1421 3785 1435 3833 2

311 3854 461 3935 lisscmus,
472 3857 517 3919 nti
529 3859 686 3921 occasione
699 3859 954 3941 opportunissima
966 3858 1121 3938 coepimus
1129 3866 1218 3938 atque
1230 3859 1261 3918 in
1271 3857 1400 3937 quodam

265 3953 292 4003 ut
313 3941 426 4023 angulo
442 3942 580 4006 laciniam
597 3953 758 4008 extremam
780 3954 953 4024 concutere,
975 3945 1000 4006 si
1023 3962 1111 4024 quem
1136 3944 1213 4005 lorte
1236 3952 1400 4023 emptorem

313 4027 459 4110 splendor
474 4030 562 4092 restis
578 4040 681 4113 posset
695 4032 851 4093 adducere.
897 4048 955 4092 nec
970 4031 1021 4092 diu
1039 4038 1173 4092 moratus
1190 4029 1320 4091 rusticus
1334 4029 1401 4109 qui·
1422 4040 1437 4090 3

313 4113 384 4175 dam
400 4114 553 4179 familiaris
569 4118 663 4181 oculis
677 4117 751 4181 meis
767 4134 836 4179 cum
850 4116 1026 4179 muliercula
1042 4116 1150 4178 comite
1162 4114 1288 4197 propius
1298 4134 1398 4178 acces-

402 4234 419 4285 2
436 4233 547 4287 vitream
565 4233 693 4303 fractaml
709 4238 738 4290 11
758 4233 897 4297 delerent!
912 4240 943 4287 11
962 4232 1040 4285 alium
1059 4234 1224 4285 conlocaram
1241 4232 1253 4301 l
1271 4234 1302 4287 18
1321 4231 1400 4286 dedo-

314 4316 400 4353 cerem
414 4302 425 4369 l
438 4305 470 4356 to
489 4301 552 4370 quid
571 4303 596 4356 .i.
614 4302 878 4358 verticontuberninm
889 4303 901 4375 ll
914 4306 947 4360 tt
966 4301 1059 4356 talium
1077 4301 1215 4355 looobsius
