3417 4934
731 470 922 527 uuuuruau

754 645 835 708 vnn
851 649 897 725 (a)

493 747 571 810 cedit
585 747 736 811 velocibus
751 747 862 810 iuveni'
877 748 1020 811 memhris
1034 750 1106 811 levis

494 833 605 896 nitidus
620 834 687 896 oleo

772 952 798 1013 X

492 1054 609 1117 demitis
624 1055 702 1117 acris
716 953 943 1135 peoofflras
958 1059 1050 1117 cantu
1065 1065 1203 1135 castaque
1219 1057 1302 1136 poesi
1381 1069 1426 1120 994

766 1174 805 1235 xl
822 1176 888 1254 (11)

361 1359 367 1372 .
391 1275 486 1355 pudet
499 1294 548 1337 mc
563 1276 607 1339 tui
623 1285 653 1337 et
667 1275 817 1338 Musarum
834 1293 1008 1356 agnoscere,
1025 1276 1107 1356 piget
1122 1294 1245 1339 currere
1261 1287 1292 1340 et
1307 1297 1366 1340 uua
1381 1289 1426 1341 399

282 1375 369 1440 sequi

236 1459 252 1578 t·
759 1479 897 1561 ximo)

238 1593 245 1616 ²
390 1580 562 1644 micandum
577 1583 634 1645 erit
648 1601 717 1646 cum
732 1584 856 1658 Graeco,
873 1594 973 1645 utrum
989 1600 1045 1662 ego
1061 1582 1140 1645 illius
1151 1602 1309 1647 numerum
1327 1606 1364 1648 an
1380 1597 1424 1647 399

277 1666 331 1730 ilie
346 1685 449 1729 meum
463 1678 606 1748 sequatur

390 1872 483 1951 patris
498 1871 586 1934 huius
602 1770 1041 1953 ηαεουηῑυξιῐΝιΝἰΒΝιγῐὴωυε
1058 1881 1089 1934 et
1103 1862 1197 1935 melos
1380 1885 1423 1937 391

740 2008 822 2071 xrru
838 2010 904 2088 (14)

389 2127 495 2189 poema
515 2120 561 2174 est
580 2113 654 2175 laxis
676 2112 861 2192 eurythmos‚
885 2111 913 2172 id
937 2119 983 2173 est
996 2112 1084 2173 verba
1097 2111 1184 2191 plura
1200 2112 1317 2173 modice
1333 2113 1363 2175 in
1379 2124 1423 2175 398

282 2194 431 2274 quandam
445 2197 579 2259 coniecta
591 2199 727 2280 formam,
743 2198 843 2278 itaque
855 2198 944 2258 etiam
955 2196 1103 2259 distichon
1116 2198 1363 2277 epigrammation

281 2290 391 2343 vocant
404 2298 522 2359 poema.
552 2284 653 2364 poesis
675 2294 721 2346 est
743 2291 924 2364 perpetuum
948 2290 1157 2362 argumentum
1173 2300 1190 2342 e
1205 2282 1365 2364 rhythmis,

281 2374 315 2428 ut
329 2366 397 2428 llias
412 2367 535 2430 Homeri
550 2379 580 2431 ct
594 2369 711 2431 annalis
723 2369 815 2431 Enni.
845 2368 962 2450 poetice
978 2377 1023 2430 est
1037 2386 1086 2430 ars
1101 2385 1203 2428 earum
1218 2386 1321 2429 rerum

391 2607 422 2668 in
439 2605 548 2686 quibus
562 2606 698 2687 partibus
713 2608 744 2668 in
755 2503 946 2688 {yghrlurbgntis
957 2605 1101 2668 Caecilius
1112 2606 1211 2686 poscit
1224 2605 1362 2685 palmam,
1377 2618 1422 2669 999

281 2693 311 2755 in
328 2694 444 2756 athesin
460 2692 628 2765 Terentius,
644 2694 674 2754 in
691 2693 883 2755 sermonibus
898 2691 1020 2753 Plautus

675 2896 763 2949 ΠΕΡΙ
780 2896 971 2951 ΑΙΡΕΣΕΩΝ

785 2998 798 3059 i
1399 3047 1401 3051 ,

640 3107 704 3163 ttm
720 3000 906 3165 contiguo
921 3101 1072 3182 aquilenta
1087 3099 1165 3181 apud
1181 3099 1239 3160 alta
1377 3112 1421 3161 499

487 3187 575 3249 litora
591 3187 687 3249 oreris
702 3205 737 3249 ac
752 3188 862 3250 nobilis
877 3187 1018 3249 omnibus
1039 3186 1155 3248 reluces

773 3306 800 3367 11

487 3426 586 3488 neque
601 3412 632 3469 tn
650 3407 777 3488 poiuhro
793 3308 919 3487 offlano
935 3412 1061 3489 coquam
1078 3425 1193 3481 carnes,
1376 3419 1419 3469 491

487 3494 596 3573 quibus
611 3494 747 3556 satullem
762 3512 892 3573 corpora
907 3512 941 3556 ac
956 3494 1064 3555 famem
1081 3494 1193 3555 ventris

368 3713 418 3764 393
436 3709 469 3763 Ν
485 3727 514 3778 p.
531 3714 580 3767 951
600 3711 691 3764 cedere

280 3794 355 3834 curae
370 3794 400 3846 p.
418 3781 484 3833 241:
501 3779 588 3833 luctne
605 3796 633 3847 p.
651 3782 700 3833 261
738 3782 788 3835 399
807 3782 841 3835 Ν.
858 3798 887 3849 p.
904 3784 957 3835 424
973 3778 1054 3847 pudet
1073 3785 1100 3832 et
1116 3780 1189 3846 piget
1212 3780 1216 3845 Ι
1235 3784 1254 3832 e‘.
1270 3781 1361 3847 pudor

275 3852 343 3911 ‘tum
360 3853 388 3900 ot
403 3846 543 3900 Motorum
560 3853 635 3901 cetat
651 3865 693 3900 mc
710 3864 858 3916 moenere
874 3852 949 3902 vehet
965 3848 1056 3899 suedia
1074 3852 1138 3898 hta:
1159 3862 1190 3900 ec
1214 3848 1296 3901 nostri
1312 3864 1361 3915 po-

237 3989 245 4002 ,
277 3932 396 3979 mam,
414 3931 514 3984 egenos
532 3918 600 3969 cerei
619 3917 791 4001 Vaticani·
807 3935 873 4001 vane
892 3915 1057 4001 Haaeptt'uofl
1080 3917 1130 3968 396
1147 3914 1182 3999 Ν.
1197 3933 1226 3985 p.
1244 3918 1295 3970 343
1314 3918 1360 3969 mi·

278 3983 477 4107 wilti·
485 4001 505 4123 1
507 3984 1253 4123 ὲὲὲ99991993191ἓέ991991339931
1246 3985 1361 4122 hihi}

275 4122 376 4177 adada
392 4124 561 4189 interpositis
578 4123 676 4175 attente
692 4124 745 4176 min
763 4128 792 4176 ut
809 4124 955 4191 19941399
972 4152 984 4175 a
1002 4165 1008 4178 .
1024 4137 1053 4189 p.
1072 4122 1123 4175 314
1159 4136 1248 4175 oscere

366 4193 417 4244 499
434 4189 469 4243 Ν.
485 4208 513 4259 p.
531 4193 581 4246 351
600 4191 696 4245 nobilis
711 4194 716 4259 ι
731 4194 759 4244 tn
777 4207 836 4245 eum
855 4191 964 4245 tremula
984 4137 1240 4258 Gulielmmforiris
1257 4205 1288 4243 ec
1306 4206 1360 4243 mo

236 4295 238 4300 ·
275 4259 339 4314 bilis
353 4258 423 4328 9491
444 4258 479 4313 Ν.
494 4276 521 4327 p.
542 4263 588 4315 111
609 4259 729 4314 setnliem
743 4264 748 4325 Ι
764 4261 872 4330 pulvere
890 4260 978 4313 mitico
997 4272 1108 4327 coquam
1125 4273 1228 4313 comem

736 3715 787 3767 994
804 3712 838 3766 Ν.
855 3729 884 3781 p.
903 3715 951 3766 941
971 3726 1056 3764 acrem
1075 3716 1102 3763 ot
1116 3726 1144 3778 p.
1164 3714 1212 3765 161
1233 3718 1332 3765 cestnm
1354 3718 1359 3776 1
