3417 4934
752 472 908 530 Puruomr

774 646 882 711 XVIIII

379 764 569 829 remoneo
583 766 709 830 Maurius
730 765 764 829 de
784 772 901 829 metris:

537 850 693 914 Horatium
709 850 841 914 videmus

537 953 639 999 versus
654 935 770 998 tenoris
783 936 874 999 huius

538 1040 685 1101 nusquam
700 1021 813 1083 locasse
827 1021 923 1102 iuges,

538 1118 568 1167 nt
582 1106 703 1169 Arbiter
716 1107 844 1168 disertus

437 1202 496 1254 249⁰
538 1192 622 1254 libris
637 1192 699 1255 suis
713 1193 893 1271 frequentet.

538 1295 702 1357 agnoscere
716 1277 795 1341 hoec
805 1276 941 1357 potestis,

538 1372 659 1425 cantaro
675 1380 752 1443 quae
767 1362 912 1429 solemusz

538 1446 755 1533 ‘Memphitidos
769 1447 887 1528 puellae

538 1534 630 1596 sacris
645 1532 733 1595 deum
749 1542 879 1613 paratae.

436 1627 496 1683 2495
537 1620 651 1681 tinctus
666 1619 767 1681 colore
783 1619 881 1680 noctis

536 1722 628 1765 manu
643 1721 719 1783 puer
732 1700 859 1782 loquaci’

376 1787 492 1851 Murius
511 1786 675 1852 Victorinus
689 1785 738 1849 111
752 1784 793 1851 17
808 1790 852 1865 (ic
866 1787 961 1850 uelo
973 1789 1173 1867 commatrem
1191 1786 1232 1854 1⁷1
1238 1808 1270 1871 p.
1280 1784 1357 1869 reu:

290 1874 379 1937 huius
389 1873 504 1937 tenoris
514 1891 549 1935 ao
561 1874 674 1936 formae
686 1874 829 1953 quosdam
840 1890 944 1936 versus
954 1881 1058 1953 poetas
1068 1873 1178 1954 lyricos
1189 1874 1359 1942 carminibus

290 1960 353 2022 suis
367 1960 509 2023 indidisse
524 1960 729 2039 cognovimus,
745 1968 779 2020 ut
794 1967 824 2021 et
834 1959 913 2040 apud
925 1959 1079 2022 Arbitrum
1090 1958 1269 2039 invenimus,
1284 1960 1359 2025 cuius

291 2063 375 2107 exem
399 2045 461 2108 lum

377 2064 397 2127 p
538 2126 757 2208 ‘Memphitidos
771 2128 891 2208 puellae

539 2215 632 2277 sacris
647 2214 735 2275 deum
753 2213 892 2293 peratae'.

291 2299 362 2362 item
538 2300 660 2363 ‘tinctus
675 2298 775 2360 colore
791 2301 888 2361 noctis

539 2384 697 2467 Aegyptius
711 2382 845 2447 choreas'

801 2588 854 2651 XX

379 2706 572 2772 Terentianus
593 2708 720 2773 Moerus
742 2712 775 2772 de
796 2713 913 2773 mure:

538 2812 621 2857 nunc
636 2795 749 2868 divisio,
765 2812 855 2873 quom
871 2794 1040 2873 loquemur,
1054 2793 1123 2855 edet

440 2888 499 2955 2850
541 2889 681 2954 metrum,
697 2898 757 2959 quo
773 2888 941 2941 memorant
955 2879 1143 2957 Anacreonte

538 2963 640 3028 dulces
656 2964 859 3045 composuisse
875 2964 1047 3026 cantilenas.

540 3049 597 3111 hoc
612 3049 772 3112 Petronius
787 3048 938 3111 invenitur
952 3067 1034 3123 usus,

538 3134 630 3196 Idusis
645 3152 713 3196 cum
729 3134 854 3215 lyricum
869 3135 964 3196 refert
978 3135 1107 3197 eundem

539 3219 736 3281 consonantia
751 3218 842 3282 verbs
857 3220 1025 3294 comitisse,

442 3313 500 3368 285⁶
543 3314 573 3368 et
588 3303 690 3385 plures
704 3305 763 3368 clii.
792 3304 845 3368 sed
859 3306 916 3367 iste
930 3323 1034 3368 versus

540 3390 619 3471 quali
633 3390 816 3471 compositus
830 3399 912 3452 tome
926 3392 973 3466 sit,
990 3390 1084 3452 edam.

539 3475 691 3539 ‘inverunt
704 3486 819 3556 segetes
834 3494 933 3538 meum
948 3475 1101 3543 laborem!

538 3560 698 3624 ‘inverunt'
712 3571 803 3641 caput
817 3561 906 3624 estid
922 3562 1085 3623 hexametri
1099 3596 1142 3607 -

440 3654 497 3707 2861
541 3647 622 3725 quod
638 3656 729 3710 restat
744 3653 868 3727 ‘segetes
882 3666 982 3709 meum
997 3646 1148 3720 laborem,

539 3732 596 3793 tale
611 3742 657 3795 est
671 3751 726 3794 ceu
741 3732 861 3814 ‘triplici
875 3733 956 3795 vides
971 3742 1004 3796 ut
1019 3742 1087 3795 ortu

539 3815 655 3879 Triviae
669 3825 787 3881 rotetur
801 3818 880 3899 ignis

539 3902 712 3982 volucrIque
727 3902 867 3965 Phoebus
881 3920 935 3964 axe

439 3997 499 4053 tito
540 3988 677 4069 rapidum
692 3997 829 4069 pererret
844 3984 959 4050 orbem’

379 4106 446 4160 2862
464 4104 559 4174 triplici
577 4110 603 4156 et
615 4121 683 4172 quac
698 4109 826 4156 secuntur·
838 4106 958 4158 ‘Arbiter
966 4103 1107 4156 satiricorr'
1116 4104 1255 4172 comprime
1267 4101 1366 4157 monce

293 4176 427 4239 expressis
444 4176 531 4226 cerdis
547 4190 566 4227 c
585 4175 727 4228 Wetorr'no
745 4172 785 4225 W
800 4173 815 4225 Ι
830 4189 859 4240 p.
872 4174 923 4227 ido
934 4171 964 4223 K.

379 4243 445 4295 2865
463 4243 568 4295 rutilum
586 4242 696 4295 Mallius
716 4240 871 4295 Theodorus
886 4243 904 4293 d
920 4257 947 4308 p.
958 4241 1011 4294 395
1023 4238 1054 4294 K.
