3417 4934
725 374 881 433 servate
1280 377 1340 439 103

205 556 242 609 :0
259 556 359 621 cerat,
387 564 540 627 anumque
562 549 696 628 pondere
724 567 779 611 suo
808 549 951 611 deiectam
974 567 1066 630 super
1086 549 1219 611 loculum
1242 551 1341 613 mittit.

258 632 411 712 trangitur
432 651 503 712 ergo
525 633 623 695 cervix
645 634 820 697 cucumulae
841 634 1003 714 ignemque
1024 633 1114 696 modo
1130 634 1340 697 convalescen·
1361 646 1376 697 t

205 726 242 780 20
258 727 320 781 tem
343 718 512 798 restinguit.
533 714 538 801 l
559 727 642 781 vexat
663 718 797 780 cubitum
818 719 883 800 ipsa
904 719 1003 800 stipite
1017 719 1132 781 ardenti
1153 717 1158 803 Ι
1177 720 1342 801 faciemque

258 812 354 867 totam
376 804 503 865 excitato
525 804 626 867 cinere
647 804 810 886 pertundit.
851 804 1026 867 consurrexi
1048 805 1185 884 equidem
1208 805 1377 869 turbatust

223 904 239 954 5
259 906 414 969 auumque
430 907 492 951 non
507 888 573 951 sine
587 890 650 951 risu
666 890 746 951 erexi
1399 956 1401 959 ,

219 986 243 1037 ι
263 970 268 1057 Ι
286 973 456 1054 statimque,
470 992 511 1037 ue
525 992 575 1036 res
589 974 688 1055 aliqua
702 973 880 1036 sacrificium
895 982 1074 1049 moraretur,
1096 974 1133 1036 ad
1148 975 1342 1038 reficiendum

261 1062 363 1139 ignem
378 1060 411 1121 in
426 1058 563 1122 viciniam
579 1059 721 1121 cucurrit
878 1128 881 1135 ,

224 1156 245 1207 o
284 1145 388 1223 itaque
403 1144 440 1206 ad
455 1162 540 1207 casae
555 1144 695 1211 ostiolum
710 1143 844 1225 processi
1363 1158 1378 1208 4

205 1236 244 1308 μ
283 1247 354 1298 cum
369 1248 441 1292 ecoe
454 1238 517 1292 tres
532 1247 654 1293 anseres
667 1229 745 1292 sacri
765 1226 770 1312 l
790 1228 851 1308 qui,
874 1236 908 1289 ut
922 1237 1007 1309 puto,
1029 1227 1127 1290 medio
1142 1226 1190 1289 die
1205 1228 1343 1293 solebant

210 1319 241 1373 1o
261 1314 297 1376 ab
312 1332 374 1376 anu
390 1314 483 1377 diaria
497 1315 625 1395 exigere,
645 1312 650 1399 l
670 1315 815 1395 impetum
830 1314 862 1375 in
879 1330 927 1374 me
942 1314 1057 1376 iaciunt
1070 1313 1220 1393 foedoque
1233 1333 1268 1377 ac
1281 1316 1343 1377 vel·

261 1400 305 1462 uti
319 1398 441 1462 rabioso
463 1400 591 1463 stridore
611 1400 835 1463 circumsistunt
856 1397 1065 1479 trepidantem..
1095 1408 1185 1479 atque
1205 1399 1281 1463 alius
1294 1409 1343 1463 tu·

261 1486 360 1547 nicam
382 1503 480 1547 meam
502 1485 621 1561 lacerat,
644 1485 720 1547 alius
740 1484 860 1545 vincula
882 1483 1152 1546 calceamentorum
1174 1485 1294 1547 resolvit
1308 1504 1343 1547 ao

260 1571 368 1646 trehit;
383 1589 464 1633 unus
479 1572 577 1645 etiam,
592 1570 651 1633 dux
667 1590 702 1632 ac
717 1569 857 1650 magister
868 1569 1015 1644 saevitiae,
1036 1588 1099 1630 non
1114 1568 1259 1633 dubitavit
1272 1589 1342 1634 crus

260 1674 360 1718 meum
388 1663 504 1719 serrato
525 1674 630 1718 vexare
655 1674 767 1718 morsu.
806 1653 917 1716 oblitus
944 1655 1043 1733 itaque
1067 1671 1213 1734 nugarum
1236 1657 1342 1736 pedem
1363 1664 1379 1713 o

213 1746 243 1797 15
261 1741 416 1804 mensulae
431 1742 542 1803 extorsi
558 1741 704 1822 coepique
718 1739 972 1821 pugnacissimum
988 1739 1097 1800 animal
1107 1749 1219 1801 armata
1234 1741 1343 1803 elidere

262 1845 362 1889 manu.
395 1845 453 1889 neo
464 1827 586 1889 satiatus
600 1826 788 1888 defunctorio
801 1824 873 1897 ictu,
889 1836 986 1887 morte
1003 1843 1052 1886 me
1063 1825 1178 1887 anseris
1189 1826 1342 1889 vindicavi:

468 1911 542 1974 tales
556 1911 703 1974 Herculea
718 1910 936 1991 Stymphalidas
949 1919 1012 1971 arte
1028 1919 1147 1971 coactas
1363 1919 1379 1968 6

467 1996 505 2059 ad
519 1997 633 2058 caelum
650 1996 761 2076 fugisse
776 2013 855 2070 reor,
874 2014 1012 2076 peneque
1027 1995 1156 2057 fluentes

469 2081 622 2164 Harpyias,
637 2100 707 2144 cum
722 2081 837 2143 Phineo
853 2080 995 2142 maduere
1009 2098 1126 2142 veneno

216 2175 243 2225 tu
263 2179 269 2190 ·
469 2166 588 2231 fallaces
603 2167 717 2248 epulae.
747 2166 872 2228 tremuit
886 2165 1062 2246 perterritus
1076 2166 1179 2226 aether

468 2252 637 2333 planctibus
652 2251 789 2326 insolitis,
804 2251 990 2331 confusaque
1004 2250 1085 2331 regia
1100 2248 1174 2312 caeli

241 2370 244 2377 ¹
795 2362 815 2396 {-

227 2426 246 2476 L
344 2418 431 2505 liam,
451 2422 558 2502 reliqui
580 2422 743 2485 revolutam
765 2422 934 2502 passimque
956 2438 1011 2501 per
1032 2429 1128 2482 totum
1150 2419 1275 2482 effusam
1289 2431 1377 2502 pa-·1

261 2505 427 2570 vimeutum
442 2507 625 2587 collegerant
639 2508 746 2582 labam,
766 2506 931 2586 orbatique,
952 2514 987 2567 ut
1007 2505 1153 2580 existimo,
1173 2505 1250 2567 duce
1264 2506 1344 2567 redi-

262 2599 348 2654 erant
370 2592 403 2653 in
425 2592 579 2674 templum,
601 2611 669 2655 cum
692 2611 748 2672 ego
770 2591 881 2672 praeda
903 2591 992 2653 simul
1013 2598 1102 2670 atque
1119 2583 1199 2674 [heo]
1214 2590 1344 2653 vindicta

216 2686 242 2736 to
261 2676 396 2757 gaudens
418 2686 488 2757 post
508 2678 618 2740 lectum
642 2678 774 2740 occisum
796 2695 934 2739 anserem
955 2675 1043 2738 mitto
1057 2674 1225 2754 vulnusque
1247 2676 1345 2738 cruris

240 2761 341 2826 haud
363 2762 457 2825 altum
478 2772 563 2825 aceto
578 2762 669 2826 diluo.
699 2762 808 2825 deinde
829 2762 997 2824 convicium
1013 2779 1120 2823 verens
1135 2758 1265 2822 abeundi
1280 2762 1342 2823 lor·
1363 2772 1379 2823 8

262 2848 338 2909 mavi
361 2848 530 2923 consilium,
553 2848 740 2928 collectoque
760 2847 844 2909 cultu
866 2866 934 2910 meo
956 2847 1000 2909 ire
1022 2856 1104 2908 extra
1127 2863 1224 2907 casam
1246 2846 1343 2926 coepi.
1476 2926 1478 2929 Ι

262 2933 393 2995 neodum
415 2951 624 3013 superaveram
646 2933 769 2996 cellulae
790 2933 902 3008 limen,
925 2951 992 2994 cum
1015 2932 1217 2993 animadverto
1240 2929 1342 2993 Oeno·
1363 2942 1379 2991 9

262 3018 362 3080 theam
385 3036 455 3081 cum
476 3026 554 3081 testo
576 3018 657 3100 ignis
677 3018 768 3099 pleno
783 3018 963 3080 venientem.
993 3017 1098 3079 reduxi
1112 3016 1204 3096 igitur
1218 3017 1342 3095 gradum
1365 3028 1393 3079 ιο

213 3112 242 3163 au
262 3103 457 3183 proiectaque
472 3111 560 3181 veste,
572 3113 718 3183 ,tanquam
733 3112 921 3184 expectarem
933 3111 1110 3176 morantem,
1125 3102 1156 3163 in
1169 3102 1251 3163 aditu
1266 3103 1343 3165 steti.

240 3247 243 3256 .
263 3188 419 3251 collocarit
438 3188 488 3251 illa
507 3189 608 3270 ignem
630 3188 722 3252 cassis
735 3186 955 3250 harundinibus
969 3187 1137 3261 collectum,
1158 3188 1344 3268 ingestisque
1366 3197 1393 3247 11

262 3290 356 3354 super
368 3273 507 3355 pluribus
520 3274 609 3355 lignis
623 3292 766 3337 excusare
781 3274 881 3355 coepit
894 3291 1017 3347 moram,
1033 3274 1113 3352 quod
1124 3273 1218 3335 amica
1232 3290 1266 3335 se
1280 3290 1343 3335 non

262 3358 423 3423 dimisisset
438 3360 494 3422 nisi
509 3360 606 3423 tribus
620 3358 793 3441 potionibus
808 3378 824 3420 e
838 3359 905 3439 lege
918 3357 1046 3421 siccatis.
1072 3356 1163 3438 ‘quid’
1183 3375 1276 3438 porro
1291 3356 1344 3421 ‘tu'

263 3443 363 3525 inquit
385 3449 443 3507 ‘me
464 3444 588 3508 absente
602 3445 713 3516 fecisti,
735 3453 786 3505 ant
808 3443 860 3506 ubi
883 3453 928 3505 est
942 3440 1040 3505 labal'
1061 3461 1132 3523 ego,
1155 3443 1207 3523 qui
1221 3452 1343 3523 putave-
1364 3453 1392 3503 12

213 3540 241 3590 35
261 3547 326 3592 ram
341 3547 390 3592 me
404 3548 468 3592 rem
483 3530 569 3593 laude
584 3530 672 3593 etiam
688 3530 808 3609 dignam
823 3529 945 3603 fecisse,
961 3529 1068 3601 ordine
1084 3528 1124 3590 illi
1140 3537 1237 3591 totum
1252 3547 1343 3609 proe-

350 3800 366 3852 2
384 3796 463 3852 modo
481 3812 533 3851 om.
547 3797 567 3848 0
579 3797 618 3865 l³
636 3800 715 3867 atque
733 3802 813 3852 totam
832 3798 924 3851 laeiem
946 3797 975 3850 0.
1010 3813 1078 3863 quae
1091 3797 1261 3864 praecedunt
1278 3796 1343 3848 inL

262 3870 380 3933 amata,
397 3869 541 3934 eucerptor
556 3866 659 3919 soloece
676 3866 777 3917 ontulit
795 3869 805 3931 l
828 3864 975 3933 dperlndit
994 3865 1004 3932 l
1027 3866 1113 3919 orico
1131 3879 1189 3917 meo
1207 3864 1276 3916 erexi
1294 3865 1316 3917 L
1333 3864 1343 3934 ΙΙ

264 3939 279 3989 ¹1
298 3933 401 3988 cucurri
413 3934 452 4003 la
470 3937 498 3987 et
515 3949 576 3988 ecce
594 3949 700 3988 auwes
717 3935 783 3987 sacri
800 3934 925 4003 impetum
946 3932 995 4002 ⁰l
1014 3935 1045 3987 18
1067 3946 1219 4001 pennaeque
1237 3931 1343 3986 fluentis

263 4008 314 4057 ortt
338 4017 506 4073 poenamque.
529 4002 632 4056 luentes
660 4003 814 4070 Homul
839 4006 871 4059 19
898 4016 1006 4069 quarum
1032 3999 1123 4054 Phinei
1150 4000 1318 4054 Solitariam

259 4073 297 4126 22
314 4070 464 4125 devolutam
482 4072 586 4124 oorrieor'
604 4070 614 4139 l
631 4072 663 4125 28
690 4070 858 4124 liberaveram
877 4070 920 4123 uel
936 4070 1075 4122 libaveram
1093 4069 1103 4138 l
1121 4071 1153 4123 33
1173 4068 1255 4122 tribue
1272 4069 1323 4123 nisi

263 4139 545 4209 superruentium
1035 4174 1037 4176 .
