3417 4934
629 454 943 510 APOGOLOGYNTOSlS
1269 456 1331 517 23?

454 629 509 692 tibi
531 629 589 692 iam
604 629 692 693 cedet
705 629 775 691 sede
791 629 905 702 relicte,

454 714 505 793 qui
520 714 571 776 dat
585 714 698 795 populo
713 713 777 776 iura
795 714 907 785 silenti,

464 798 583 862 Cretaea
599 810 707 862 tenens
722 800 830 881 oppida
845 810 977 862 centum.
1151 810 1181 861 co

462 885 574 947 caedite
589 886 708 947 maestis
722 893 843 966 pectora
866 885 981 966 palmis,

454 989 473 1031 o
495 970 645 1043 causidici,
660 969 763 1032 venale
778 988 887 1049 genus.

457 1073 570 1135 vosque
584 1065 691 1137 poetae
706 1055 806 1135 lugete
822 1056 901 1129 novi,

456 1158 568 1221 rosque
583 1142 614 1203 in
630 1142 735 1222 primis
750 1141 801 1220 qui
817 1159 966 1203 concusso

456 1244 562 1305 magna
576 1226 703 1308 parastis
716 1227 799 1288 lucra
815 1225 938 1287 fritillo!
1149 1236 1179 1286 oc

247 1310 455 1376 delectabatur
475 1311 612 1376 laudibus
625 1312 689 1374 suis
704 1311 843 1374 Claudius
859 1320 889 1372 et
903 1310 1043 1391 cupiebat
1058 1311 1169 1373 diutius
1183 1304 1384 1391 spectare.13

212 1396 391 1462 amicitiai
413 1414 536 1460 manum
559 1396 733 1479 Talthybius
755 1398 880 1459 deorum
903 1390 1050 1481 [nuntius]
1071 1405 1102 1457 et
1123 1396 1214 1457 trahit
1235 1395 1333 1474 capite

248 1482 404 1553 obvoluto,
426 1500 466 1544 no
481 1483 548 1562 quis
563 1502 630 1545 eum
646 1483 741 1564 possit
755 1499 929 1564 agnoscere,
952 1500 1008 1561 per
1029 1499 1168 1562 campum
1183 1480 1332 1550 Martium,

248 1567 376 1631 etinter
389 1566 521 1630 Tiberim
544 1577 575 1631 et
596 1568 671 1630 viam
693 1577 801 1629 tectam
825 1567 978 1631 descendit
992 1566 1028 1628 ad
1043 1567 1167 1629 inferos.
1197 1575 1363 1627 antecesa

240 1661 330 1717 >serat
343 1653 402 1716 iam
417 1653 639 1735 compendiaria
653 1654 808 1716 Narcissus
822 1654 947 1716 libertus
957 1654 993 1715 ad
1003 1660 1164 1732 patronum
1180 1650 1332 1732 excipien-

250 1739 333 1814 dum,
349 1747 381 1800 et
394 1739 525 1802 venienti
541 1740 664 1814 nitidus,
680 1750 713 1802 ut
728 1748 792 1801 erat
806 1758 822 1800 a
837 1738 967 1814 balineo,
983 1737 1115 1801 occurrit
1129 1747 1159 1799 et
1172 1738 1228 1798 ait:
1250 1734 1334 1815 ‘quid

215 1832 241 1886 1⁵
252 1824 284 1899 di
295 1826 333 1888 ad
346 1822 518 1888 bominesl’
532 1823 679 1889 ‘celerius'
689 1825 788 1903 inquit
798 1824 965 1887 Mercurius
979 1829 1020 1885 ‘et
1030 1823 1132 1885 venire
1143 1818 1334 1885 nosnuntia'.

253 1910 336 1973 dicto
349 1909 439 1974 citiam
448 1909 606 1973 Narcissus
621 1910 725 1972 evolat
748 1910 848 1971 omnia
860 1910 1000 1991 proclivia
1012 1918 1094 1984 sunt,
1108 1909 1195 1971 facile
1209 1907 1334 1969 descen-
1350 1918 1365 1967 a

252 1994 343 2058 ditur.
366 1996 467 2075 itaque
484 1996 617 2076 quamvis
631 1996 811 2077 podagricus
826 2004 913 2066 esset,
936 2004 1090 2058 momento
1105 1992 1250 2074 temporis
1264 2010 1336 2073 pcr-

251 2081 334 2145 renit
348 2081 387 2143 ad
399 2080 520 2144 ianuam
535 2082 618 2163 bins,
639 2082 691 2144 ubi
713 2082 829 2143 iacebat
844 2080 991 2143 Cerberus
1012 2081 1058 2142 vel
1078 2089 1113 2142 ut
1139 2082 1181 2141 ait
1196 2077 1336 2140 Horatius

253 2166 351 2230 ‘belua
367 2165 540 2247 ccuticops'.
570 2167 712 2247 pusillum
733 2168 985 2248 perturbatur—
999 2165 1153 2228 subalbum
1175 2181 1279 2225 canem
1302 2162 1333 2224 in

217 2261 245 2322 N,
253 2251 370 2315 deliciis
384 2251 496 2315 babere
511 2252 738 2316 adsueverat-
754 2261 789 2313 ut
803 2252 885 2314 illurn
898 2251 971 2312 vidit
985 2269 1091 2313 canem
1108 2251 1235 2328 nigrum,
1247 2248 1333 2310 villo·

253 2354 330 2414 sum,
345 2355 418 2400 sane
433 2357 496 2399 non
512 2356 601 2418 quem
616 2339 688 2400 velis
710 2336 764 2399 tibi
779 2338 810 2399 in
827 2336 961 2400 tenebris
977 2353 1146 2409 occurrere,
1182 2344 1213 2395 et
1227 2349 1333 2411 magna
1348 2344 1363 2393 4

253 2415 497 2486 voce‘Claudius'
510 2424 610 2504 inquit
621 2421 748 2485 boniet.
778 2442 846 2485 curn
859 2422 966 2503 plausu
982 2420 1150 2502 procedunt
1164 2427 1333 2481 cantantes:

253 2505 1139 2675 tlrltaltoltdsrtnbdtitillatu:
1153 2505 1335 2652 lurae

642 2640 650 2657 ι
791 2639 800 2669 2
847 2643 854 2659 .
1135 2638 1143 2665 e
1245 2637 1252 2661 r

220 2678 447 2755 altusmons,
470 2678 580 2743 Fabius
595 2680 711 2759 equites
726 2680 762 2742 R.
774 2698 851 2760 quos
866 2678 1023 2741 Narcissus
1037 2678 1105 2739 duci
1120 2677 1257 2738 iusserat.
1273 2691 1335 2735 me·

254 2766 321 2827 dius
337 2773 400 2827 crat
422 2766 453 2828 in
469 2765 525 2828 bac
547 2766 732 2829 cantantium
754 2765 842 2827 turba
859 2763 991 2826 Mnester
1013 2763 1225 2844 pantomimus,
1245 2777 1333 2840 quem

253 2849 395 2913 Claudius
417 2851 534 2913 decoris
549 2869 637 2914 causa
653 2852 800 2913 minorem
818 2852 938 2912 iecerat.
967 2851 1002 2910 ad
1018 2848 1205 2910 Messalinam
1216 2880 1260 2891 -
1275 2845 1334 2906 cito
1349 2854 1364 2904 5

253 2954 360 2998 rumor
375 2936 547 3018 percrebuit
556 2937 712 3000 Claudiurn
726 2937 842 2999 venisse
855 2969 897 2983 —
908 2934 1082 2999 convolant:
1099 2934 1185 3013 primi
1201 2930 1335 2993 omnium

254 3019 356 3083 liberti
362 3020 515 3104 Polybius,
527 3022 646 3104 Myron,
653 3023 830 3103 Harpocras‚
844 3022 1022 3102 Amphaeus,
1035 3021 1249 3088 Pheronaotus‚
1261 3034 1337 3096 quos

216 3106 395 3170 ocunoius
417 3127 531 3183 omncs,
551 3109 661 3171 necubi
690 3110 852 3190 imparatus
868 3116 954 3178 esset,
976 3105 1180 3187 praemiserat.
1229 3102 1338 3163 deinde

254 3193 400 3273 praelecti
411 3194 471 3256 duo
487 3193 585 3257 iustus
600 3194 743 3257 Catonius
757 3203 788 3256 et
801 3194 925 3256 Rufrius
936 3192 1041 3256 Pollio.
1068 3191 1176 3253 deinde
1186 3188 1271 3250 amici
1284 3186 1337 3248 Sa·

253 3279 399 3342 turninus
409 3278 517 3342 Lusius
532 3289 558 3341 et
573 3280 654 3343 Pedo
664 3279 826 3360 Pompeius
841 3287 872 3341 et
883 3278 985 3358 Lupus
997 3287 1027 3338 et
1034 3276 1120 3339 Celer
1130 3275 1251 3338 Asinius
1263 3291 1339 3335 con·

251 3363 378 3427 solares.
401 3365 561 3428 novissime
568 3366 744 3440 irata-isidis,
759 3364 874 3426 sororis
885 3364 954 3445 lilia,
963 3363 1077 3441 generi,
1093 3361 1202 3435 soceri,
1218 3376 1336 3429 socrus,

255 3468 362 3512 omnes
378 3450 466 3531 plane
482 3451 708 3530 consanguinei.
747 3460 776 3511 et
798 3449 918 3528 agmine
933 3450 1010 3509 lecto
1026 3448 1148 3509 Claudio
1164 3450 1338 3508 occurrunt

213 3540 245 3595 aa
261 3553 341 3615 quos
362 3553 431 3598 cum
447 3537 568 3600 vidisset
582 3536 731 3609 Claudius,
754 3535 911 3597 exclamat:
957 3537 1070 3597 πάντα
1087 3531 1197 3619 φίλων
1220 3527 1331 3615 πλήρη
1353 3533 1369 3583 6

256 3622 420 3700 ‘quomodo
441 3621 502 3684 buc
518 3624 641 3684 venistis
656 3618 742 3683 vosl'
785 3630 849 3681 tum
866 3620 945 3681 Pedo
961 3618 1134 3700 Pompeius:
1158 3615 1239 3696 ‘quid
1254 3613 1338 3687 dicis,

255 3706 348 3768 bomo
361 3705 588 3770 crudelissime?
604 3707 734 3787 quaeris,
750 3701 928 3786 quomodo?
944 3704 1011 3785 quis
1026 3704 1108 3766 enim
1126 3722 1182 3765 nos
1193 3700 1269 3761 alius
1279 3699 1340 3760 huc

255 3791 338 3855 misit
352 3810 442 3872 quana
464 3800 507 3868 tu,
530 3793 665 3856 omnium
688 3791 853 3854 amicorum
877 3785 1073 3852 interfector?
1108 3788 1140 3849 in
1159 3788 1205 3849 ios
1224 3802 1338 3857 eamus,

257 3876 384 3957 egotibi
400 3877 448 3940 bic
462 3878 550 3940 sellas
566 3876 742 3941 ostendam’.

256 3997 460 4008 ——-—-—

347 4050 400 4101 lbi
416 4046 501 4115 lnquit
518 4047 576 4099 cod.
594 4048 680 4098 Paris.
696 4042 801 4112 663οη
822 4046 853 4097 18
866 4045 1017 4096 carminum
1034 4040 1055 4093 ll
1070 4039 1166 4108 rasa!
1180 4040 1212 4093 23
1232 4056 1339 4104 coopm-

258 4135 352 4188 paom
379 4117 451 4182 quod
476 4113 599 4199 descedit
624 4114 731 4198 Bellias
742 4113 753 4181 l
766 4113 800 4165 24
818 4110 906 4164 lunius
919 4110 974 4180 125
998 4124 1079 4177 eques
1090 4108 1101 4176 1
1114 4111 1226 4228 blflpoot
1244 4106 1341 4226 iecerpp

257 4182 568 4321 Nallbddllll
584 4179 1035 4305 tll'dlttlllrltltttl:
1047 4176 1342 4311 'lull-llutos
