3417 4934
753 448 902 504 neamus

799 621 865 685 LXI

389 722 468 796 Quid
482 722 592 784 frustra
607 722 753 802 quereris,
769 723 887 800 colone,
903 743 1033 800 mecum,

342 873 345 879 ,
390 808 471 889 quod
486 806 636 887 quondam
653 806 732 874 bene
746 809 901 874 fructuosa
916 811 1011 874 malus

390 892 541 956 autumnis
555 892 665 956 sterilis
680 892 797 961 duobus
811 894 946 957 adstem?

392 998 453 1041 non
469 996 518 1040 me
532 986 717 1059 praegravat,
733 987 768 1041 ut
782 990 880 1061 putas,
896 992 1048 1059 senectus,

393 1082 450 1126 nce
464 1082 531 1126 sum
546 1063 692 1144 grandina
707 1065 860 1127 verberata
876 1066 960 1143 dura,

390 1168 447 1211 nec
462 1166 594 1229 gemmas
609 1150 697 1211 modo
713 1150 848 1231 germine
864 1160 1008 1216 excuntes

390 1236 449 1298 scri
464 1233 583 1314 frigoris
599 1235 740 1298 ustulavit
754 1254 836 1311 aura,

390 1338 449 1383 nec
462 1320 543 1382 venti
559 1318 711 1400 pluviasve
726 1322 889 1397 siccumve,

391 1406 472 1487 quod
487 1406 524 1468 de
538 1423 572 1467 se
587 1422 740 1485 quererer,
756 1406 868 1468 malum
882 1407 1047 1483 dederunt3

388 1510 451 1553 non
466 1499 591 1553 sturnus
605 1491 678 1553 mibi
694 1492 888 1571 gracculusve
902 1505 1006 1574 raptor

389 1585 441 1639 ant
454 1576 560 1639 cornix
574 1594 650 1638 anus
664 1588 715 1639 aut
730 1595 861 1658 aquosus
876 1596 965 1642 anser

391 1670 443 1725 aut
457 1680 565 1723 corvus
581 1663 685 1725 nocuit
699 1663 880 1738 siticulosus,

391 1746 444 1810 sed
460 1745 540 1827 quod
555 1747 687 1809 carmina
702 1748 822 1829 pessimi
837 1759 944 1830 poetae

391 1832 481 1895 ramis
494 1832 630 1895 sustineo
646 1832 814 1897 laboriosis.

787 1967 866 2031 nxll

392 2071 496 2135 Securi
512 2070 649 2146 dormite,
665 2089 772 2134 canes:
788 2071 936 2133 custodiet
950 2072 1073 2136 bortum

435 2173 503 2217 cum
519 2154 576 2218 sibi
591 2156 697 2218 dilecta
714 2156 808 2219 Sirius
823 2155 965 2236 Erigone.

784 2309 877 2373 Lxltl

392 2412 502 2474 Parum
517 2421 563 2474 est
576 2410 660 2485 mibi,
675 2412 755 2491 quod
771 2412 820 2474 bic
835 2413 885 2475 lixi
902 2412 1005 2476 sedem

392 2505 500 2576 agente
514 2505 594 2559 terra
609 2515 664 2577 per
679 2497 844 2559 caniculam
859 2499 951 2560 rimas

392 2582 575 2646 siticulosum
589 2582 772 2645 sustinemus
787 2581 949 2646 aestatem?

392 2686 509 2749 parum,
526 2668 606 2748 quod
620 2667 727 2730 hiemis
742 2668 897 2748 perfluunt
911 2669 995 2731 sinus
1010 2669 1122 2731 imbres

393 2763 423 2817 et
437 2754 469 2816 in
485 2754 609 2835 capillos
624 2754 787 2833 grandines
801 2753 914 2816 cadunt
928 2762 1049 2817 nostros

390 2840 527 2920 rigetque
543 2839 617 2900 dura
633 2838 724 2901 barbe
740 2840 838 2902 vincta
853 2837 1013 2921 crystallo?

391 2942 508 3007 parum
525 2924 605 3004 quod
621 2932 685 2986 acta
701 2925 757 2986 sub
772 2924 926 2987 laboribus
940 2924 1007 2987 luce

391 3028 494 3092 parem
510 3007 616 3071 diebus
630 3009 756 3090 pervigil
771 3010 857 3072 traho
874 3008 1018 3071 noctem?

392 3094 453 3156 buc
467 3094 550 3168 adde,
567 3095 647 3174 quod
663 3113 711 3156 me
725 3094 890 3158 terribilem
905 3096 984 3158 fuste

324 3190 353 3243 10
395 3198 502 3242 manus
516 3180 582 3241 sine
597 3186 660 3241 arte
675 3180 804 3242 rusticae
818 3179 1003 3256 dolaverunt,

394 3265 533 3345 interque
548 3272 675 3328 cunctos
691 3265 828 3326 ultimum
844 3265 916 3329 deos
932 3284 1045 3328 numen

395 3351 619 3413 cucurbitarum
635 3350 752 3431 ligneus
768 3368 862 3418 vocor
875 3360 988 3414 custos.

395 3436 509 3498 accedit
522 3436 586 3498 istis
601 3436 804 3516 impudentiae
821 3438 952 3518 signum,

392 3520 552 3584 libidinoso
566 3530 649 3583 tenta
665 3522 796 3603 pyramis
811 3540 914 3588 nervo.

325 3618 354 3671 15
396 3607 432 3668 ad
446 3606 525 3668 banc
539 3607 638 3687 puella
653 3642 697 3654 -
710 3626 806 3689 paene
823 3625 936 3669 nomen
954 3608 1046 3670 adieci
1063 3643 1105 3653 ·-

395 3691 471 3755 solet
484 3692 587 3754 venire
603 3710 672 3754 cum
688 3710 742 3755 suo
759 3694 902 3766 intulere,

396 3797 471 3858 quae
485 3785 531 3839 tot
544 3779 671 3858 figuras,
687 3786 762 3857 quot
773 3777 921 3840 Philaenis
936 3787 1067 3852 enarrat,

395 3882 457 3924 non
470 3862 600 3924 inventis
615 3862 752 3945 pruriosa
767 3862 902 3926 discedit.

377 4030 451 4084 blllli
470 4036 482 4084 l
501 4029 620 4093 sor-turre
637 4029 707 4099 qnod
725 4031 767 4083 bic
785 4030 865 4083 semel
885 4028 977 4096 pedem
997 4028 1056 4082 tixi:
1077 4044 1167 4099 parunt
1185 4034 1227 4084 ast
1245 4027 1319 4101 quod
1333 4026 1373 4084 llo

293 4103 322 4155 ut
337 4098 442 4154 nunus
459 4097 541 4153 semel
557 4099 646 4152 ecdem
659 4098 848 4151 karlomannus
862 4098 900 4168 14
917 4099 962 4151 imi
981 4097 1114 4167 perfluunt
1130 4102 1182 4151 aut
1196 4096 1374 4167 eandm

293 4166 360 4222 imon
377 4168 520 4237 Scioppius
533 4166 570 4235 19
588 4166 657 4220 iuste
675 4166 708 4219 de
727 4167 783 4222 rudi
801 4168 880 4221 rilem
898 4166 1035 4235 Scaliger,
1051 4169 1141 4235 pauet
1156 4166 1190 4235 ῴ
1212 4165 1276 4222 affl
1294 4165 1376 4226 bu

293 4234 380 4307 iusta!
397 4238 428 4291 l'l
447 4252 499 4306 quo
518 4236 666 4304 normias}
686 4233 776 4303 liguris
797 4233 911 4305 plum!
928 4237 960 4289 18
985 4250 1039 4289 non
1062 4232 1222 4290 cinomia
1244 4233 1378 4304 m
1390 4291 1406 4342 ,Β

1294 4391 1296 4402 ·
1310 4355 1406 4408 .„..‚·sm·
