3417 4934
703 431 858 487 servitte
1278 436 1318 495 49

241 607 387 681 cuissent,
409 606 539 669 ducente
553 625 609 688 per
626 607 776 687 porticum
792 606 901 669 Gitone
916 607 952 669 ad
969 608 1087 669 ianuam
1102 608 1244 685 venimus,
1266 610 1319 671 ubi

241 693 323 756 cenis
339 693 508 755 catenarius
521 700 606 755 tanto
623 710 678 756 nos
692 693 821 755 tumultu
838 693 963 773 excepit,
987 701 1021 754 ut
1035 695 1169 775 Ascyltos
1184 695 1272 756 etiam
1286 696 1317 757 in

241 780 388 861 piscinam
399 778 549 841 ceciderit.
573 797 629 840 nec
641 797 703 841 non
716 798 772 859 ego
785 798 907 859 quoque
917 778 1029 854 ebrius,
1045 781 1096 859 qui
1107 780 1194 841 etiam
1206 781 1318 860 pictum

241 867 399 928 timueram
414 882 529 946 canem,
551 864 622 925 dum
645 864 757 927 natanti
778 884 867 945 opem
883 865 957 939 lero,
978 864 1009 926 in
1026 865 1154 927 eundem
1170 867 1318 946 gurgitem

241 960 351 1014 tractus
370 968 446 1016 sum.
483 949 608 1013 servavit
627 969 684 1013 nes
704 959 803 1012 tamen
824 950 972 1023 atriensis,
995 950 1047 1030 qui
1069 951 1239 1013 interventu
1262 972 1317 1015 suo
1338 964 1353 1013 8

241 1047 268 1099 et
285 1055 393 1098 canem
415 1036 540 1117 placavit
560 1045 591 1097 et
613 1054 669 1099 nos
685 1044 849 1099 trementer
869 1036 995 1097 extraxit
1014 1037 1045 1097 in
1062 1037 1184 1099 siecum.
1222 1046 1252 1099 et
1267 1038 1315 1100 Gi·
1338 1050 1354 1099 9

241 1132 291 1185 ton
308 1122 429 1202 quidem
445 1122 501 1183 iam
517 1120 630 1184 dudum
649 1141 681 1185 se
700 1122 815 1184 ratione
832 1122 1000 1184 acutissima
1016 1123 1182 1184 redemerat
1196 1142 1211 1184 a
1227 1142 1318 1195 cane;

241 1207 382 1289 quicquid
398 1207 478 1269 enim
494 1225 510 1268 a
526 1207 613 1269 nobis
628 1216 784 1289 acceperat
798 1208 835 1270 de
850 1226 935 1282 cena,
955 1208 1074 1269 latranti
1089 1219 1249 1289 sparserat,
1266 1204 1317 1294 [at]

240 1295 288 1356 ille
303 1302 443 1355 avocatus
462 1292 529 1354 cibe
552 1294 684 1356 furorem
703 1301 921 1375 suppresserat.
951 1301 1084 1355 ceterum
1101 1312 1168 1354 cum
1184 1294 1319 1373 algentes
1341 1307 1369 1357 10

241 1380 344 1460 utique
363 1378 540 1459 petissemus
559 1378 595 1439 ab
615 1380 755 1453 atriense,
779 1387 812 1441 ut
835 1399 891 1442 nos
913 1388 995 1440 entra
1018 1379 1137 1440 ianuam
1160 1380 1318 1455 emitteret,

241 1464 343 1527 ‘erras’
362 1464 462 1544 inquit
480 1465 515 1527 ‘si
538 1474 625 1545 putas
647 1473 677 1526 te
699 1464 779 1527 exire
799 1466 854 1527 hac
872 1484 971 1546 posse,
994 1483 1052 1544 qua
1076 1465 1191 1527 venisti.
1230 1484 1318 1528 nemo

241 1569 374 1631 unquam
390 1550 580 1612 convivarum
601 1569 656 1631 per
675 1552 801 1613 eandem
821 1552 941 1613 ianuam
963 1551 1088 1612 emissus
1110 1558 1171 1627 est;
1194 1551 1250 1613 alia
1270 1552 1318 1614 in-

241 1644 331 1710 trant,
354 1636 408 1697 alia
431 1635 561 1699 exeunt'.
599 1634 670 1715 quid
692 1636 834 1700 iaciamus
857 1636 993 1699 homines
1014 1636 1174 1697 miserrimi
1196 1645 1225 1699 et
1248 1638 1315 1698 nori
1332 1633 1373 1703 73

241 1722 360 1803 generis
382 1720 552 1803 labyrintho
575 1721 696 1802 inclusi,
725 1722 833 1802 quibus
857 1722 946 1783 lavari
972 1722 1030 1783 iam
1053 1731 1195 1802 coeperet
1216 1730 1316 1784 votum
1406 1724 1408 1727 ’

241 1804 328 1870 esse?
354 1806 434 1869 ultro
452 1825 524 1889 ergo
547 1807 726 1887 rogavimus,
749 1814 783 1870 ut
800 1826 857 1870 nos
879 1807 915 1869 ad
934 1807 1074 1869 balncum
1093 1807 1226 1881 duceret,
1249 1827 1318 1890 pro·
1339 1821 1353 1869 2

240 1893 386 1973 iectisque
397 1892 591 1967 vestimentis,
607 1911 683 1972 quae
695 1893 784 1955 Giton
797 1893 828 1955 in
841 1893 921 1955 aditu
933 1894 1045 1955 siccare
1056 1894 1165 1973 coepit,
1182 1893 1320 1956 balneum

240 1978 432 2051 intravimus,
455 1985 614 2059 angustum
630 1977 745 2041 scilicet
762 1988 793 2041 et
807 1980 954 2041 cisternae
969 1978 1137 2059 frigidariae
1152 1979 1266 2060 simile,
1289 1981 1320 2041 in

241 2084 299 2145 quo
313 2063 494 2126 Trimalchio
506 2072 607 2127 rectus
617 2064 722 2127 stabat.
745 2083 779 2126 ac
792 2084 830 2127 ne
842 2065 886 2128 sic
896 2064 1015 2145 quidem
1031 2064 1247 2146 putidissimam
1258 2066 1322 2128 eius

241 2149 432 2220 iactationem
453 2149 538 2212 licuit
553 2150 702 2229 effugere3
726 2169 793 2212 nam
809 2150 885 2212 nihil
900 2150 1005 2212 melius
1020 2170 1085 2213 esse
1100 2150 1217 2212 dicebat
1232 2169 1320 2230 quam

241 2236 305 2299 sine
327 2234 417 2297 turba
440 2235 539 2309 lavari,
562 2244 592 2297 et
613 2254 650 2298 eo
673 2235 738 2317 ipso
760 2236 828 2298 loco
852 2236 1012 2315 aliquando
1035 2236 1195 2317 pistrinum
1220 2237 1320 2299 luisse.

241 2321 348 2384 deiude
370 2330 405 2382 ut
419 2320 544 2383 lassatus
559 2320 705 2397 censedit,
726 2322 866 2384 invitatus
880 2322 979 2383 balnei
1000 2341 1076 2384 sono
1094 2322 1209 2384 diduxit
1225 2342 1319 2401 usque
1340 2334 1355 2383 3

241 2408 272 2469 nd
289 2424 439 2469 cameram
456 2427 490 2469 os
502 2405 619 2468 ebrium
633 2415 664 2469 et
678 2408 779 2489 coepit
788 2407 966 2470 Menecratis
977 2408 1094 2469 cantica
1109 2408 1249 2483 lacerare,
1264 2408 1321 2470 sic-

241 2501 271 2555 ut
285 2492 329 2554 illi
344 2491 494 2566 dicebant,
516 2492 568 2572 qui
590 2492 721 2574 linguam
738 2493 802 2555 eius
817 2492 1041 2572 intellegebant.
1072 2493 1164 2554 ceteri
1180 2494 1319 2554 convivae
1341 2506 1355 2555 l

241 2579 317 2641 circe
333 2577 450 2639 labrum
466 2577 606 2641 manibus
622 2578 706 2641 nexis
721 2578 885 2640 currebant
903 2588 932 2639 et
947 2578 1113 2658 gingilipho
1128 2579 1243 2657 ingenti
1260 2580 1320 2641 cla-

241 2682 321 2726 more
337 2663 533 2727 exsonabant.
562 2663 611 2725 alii
631 2673 729 2725 eutem
746 2658 818 2751 [eut]
836 2664 983 2726 restrictis
1001 2662 1140 2725 manibus
1155 2664 1262 2726 anulos
1283 2665 1319 2726 de

241 2749 409 2831 parimento
425 2748 614 2811 conabantur
627 2750 732 2812 tollere
747 2759 799 2811 aut
810 2749 908 2831 posito
920 2768 1000 2829 genu
1013 2749 1144 2811 eervices
1157 2759 1225 2829 post
1237 2757 1319 2830 terga

241 2836 359 2897 lectere
374 2843 404 2896 et
418 2834 529 2915 pedum
545 2844 695 2898 extremos
717 2835 840 2915 pollices
862 2845 995 2916 tangere.
1028 2854 1092 2908 nos,
1111 2834 1182 2896 dum
1197 2834 1245 2896 alii
1261 2834 1316 2896 sibi
1339 2848 1354 2896 5

241 2921 322 2983 ludos
333 2920 457 2995 iaciunt,
472 2920 504 2981 iu
516 2920 635 2995 solium,
651 2922 731 3000 quod
744 2921 957 2984 Trimalchioni
969 2920 1177 3001 vaporabatur,
1193 2920 1318 2982 descen-

241 3006 343 3069 limus.

322 3108 396 3171 ergo
412 3089 555 3153 ebrietate
576 3090 709 3153 discusse
731 3091 762 3153 in
783 3090 862 3152 aliud
882 3090 1047 3154 triclinium
1067 3090 1186 3153 deducti
1205 3109 1318 3164 sumus,

241 3177 288 3240 ubi
303 3176 471 3238 Fortunate
493 3176 681 3256 disposuerat
700 3176 831 3239 lautitias
852 3170 943 3262 [suas]
966 3176 1006 3239 ita
1028 3186 1166 3257 utsupra
1181 3176 1319 3239 lucernas

421 3261 624 3342 aeneolosque
640 3262 803 3342 piscatores
819 3263 985 3324 notaverim
1000 3270 1030 3324 et
1044 3280 1163 3324 mensas
1178 3270 1255 3325 totas
1270 3282 1318 3324 er-

241 3355 362 3428 genteas
376 3346 544 3427 calicesque
559 3348 638 3410 circa
654 3348 759 3410 fictiles
775 3348 927 3409 inauratos
942 3356 973 3410 et
987 3348 1088 3410 vinum
1104 3348 1134 3409 in
1154 3356 1317 3428 conspeetu

241 3452 323 3497 saeco
346 3432 492 3495 defluens.
535 3440 598 3495 tum
621 3433 801 3496 Trimalchio
831 3432 947 3495 ‘amici'
968 3433 1068 3514 inquit
1089 3433 1192 3495 ‘hodie
1214 3453 1316 3497 servus
1338 3446 1353 3494 6

241 3539 320 3583 meus
336 3516 536 3580 barbatoriam
554 3519 633 3594 lecit,
649 3520 739 3582 home
755 3519 924 3600 praefiscini
940 3520 1019 3600 lrugi
1034 3527 1064 3581 et
1080 3520 1228 3582 micarius.
1262 3520 1316 3581 ita·

241 3624 294 3686 que
317 3614 515 3684 tangomenas
536 3604 677 3667 iaciamus
699 3613 730 3667 et
749 3624 845 3685 usque
867 3606 898 3666 in
922 3605 1020 3667 lucem
1042 3605 1204 3668 canemus'.
1241 3606 1314 3666 haec
1330 3602 1372 3673 74

241 3692 356 3754 licente
379 3708 416 3752 eo
439 3690 534 3769 gellus
555 3690 738 3772 gallinaceus
758 3692 895 3753 cantavit.
927 3710 983 3771 qua
1000 3709 1071 3753 voce
1091 3692 1235 3753 conlusus
1249 3691 1315 3752 Tri-

241 3776 363 3839 nalchio
375 3775 479 3838 vinum
492 3776 548 3839 suh
563 3794 666 3839 mensa
679 3776 763 3839 iussit
778 3776 892 3841 eliundi
903 3776 1116 3857 lucernamque
1131 3775 1219 3838 etiam
1232 3794 1316 3838 mero

321 3949 338 3999 3
358 3945 454 4009 ebrius]
472 3950 597 4012 depectus
615 3945 718 3996 territus
732 3945 741 4013 ΙΙ
756 3947 865 4011 lupulo
878 3944 995 4015 edique!
1011 3948 1040 3999 ll
1054 3945 1079 3996 in
1093 3960 1151 4014 que.
1163 3947 1222 3997 aine
1234 3945 1315 3997 dubio

241 4018 301 4067 baec
317 4015 492 4067 Petronioru'r
509 4015 634 4066 breuiora
646 4013 657 4081 li
671 4015 702 4067 18
711 4011 897 4074 fortasssistic
913 4019 917 4076 Ι
932 4014 1121 4080 putidissimam
1134 4014 1157 4065 ei
1170 4013 1298 4065 actionem
1307 4013 1317 4085 ΙΙ

241 4086 270 4137 24
287 4084 378 4136 mter
396 4081 451 4135 tale
466 4078 621 4153 ycyyiwpcol
633 4081 644 4150 l
657 4084 689 4135 25
700 4082 828 4135 sonabant
839 4086 1000 4149 scripseram
1013 4083 1023 4150 Ι
1036 4084 1067 4135 ll
1080 4082 1152 4133 molo
1170 4081 1207 4133 illi
1221 4082 1231 4149 Ι
1244 4084 1277 4135 28
1289 4083 1315 4134 in

241 4151 293 4206 uolo
308 4152 312 4220 Ι
328 4155 485 4219 pervapatur
502 4152 550 4204 aed
565 4154 595 4203 in
613 4153 738 4216 margine
755 4151 789 4206 nl.
808 4151 944 4221 parebatur
956 4150 966 4217 l
979 4153 1010 4204 et
1030 4163 1090 4203 sues
1101 4152 1132 4201 tn
1145 4151 1316 4203 codimmde-

241 4224 282 4273 tur
298 4224 463 4288 eoepunelum
475 4217 486 4285 ll
498 4222 531 4273 35
549 4219 707 4273 babateriem
720 4218 731 4287 ΙΙ
743 4222 776 4274 36
794 4225 873 4286 tango
890 4234 979 4272 menes
997 4217 1034 4281 ef.
1051 4234 1110 4286 cap.
1127 4221 1203 4289 ὅῌ

286 4311 388 4357 Petronii
401 4313 489 4357 saturne
502 4312 538 4357 ed.
552 4312 586 4357 lv
1117 4308 1137 4359 δι
