3417 4934
386 470 424 527 18
848 469 1003 524 vernoun

383 645 512 706 lroutem
534 646 669 709 sudantis
691 645 807 708 acaciae
827 643 891 717 rivi,
914 651 945 705 et
966 643 1046 705 inter
1067 660 1156 724 rugas
1178 644 1321 705 malarum
1345 653 1464 708 tantum
1483 656 1503 709 1,

332 726 449 795 24erat
463 740 571 804 cretae,
587 741 620 794 ut
635 740 756 812 putares
771 731 921 791 detectum
936 730 1080 810 parietem
1097 728 1198 792 nimbo
1217 730 1363 792 laborare.
1402 751 1466 795 non

385 817 468 878 tenui
484 835 540 897 ego
556 817 667 879 diutius
689 817 833 890 lacrimas,
857 814 908 876 sed
930 815 964 876 ad
981 814 1113 877 ultimam
1137 816 1300 896 perductus
1315 817 1466 880 tristitiam

347 912 361 962 2
385 898 513 981 ‘quaeso’
528 904 649 983 inquam
663 901 802 986 domina,
817 910 899 963 certe
911 901 1128 963 embasicoetan
1142 902 1269 964 iusseras
1278 902 1361 963 dari'.
1382 922 1468 965 com-

386 987 476 1067 plosit
490 988 538 1049 illa
554 990 687 1051 tenerius
702 1006 808 1049 manus
823 995 853 1049 et
870 986 907 1047 ‘o’
929 987 1027 1066 inquit
1049 986 1211 1048 ‘bominem
1231 996 1352 1049 acutum
1375 998 1468 1070 atque
1488 1002 1502 1052 5

386 1073 564 1136 urbanitatis
578 1074 755 1136 vernaculae
770 1074 895 1135 iontem.
919 1070 1013 1152 quid?
1033 1081 1067 1133 tu
1082 1092 1144 1133 non
1161 1072 1349 1135 intellexeras
1364 1074 1469 1137 cinae-

348 1167 363 1216 3
386 1160 456 1221 dum
472 1159 689 1223 embasicoetan
704 1160 803 1221 vocari
811 1156 836 1219 l’
865 1158 973 1219 deinde
988 1167 1025 1237 nt·
1036 1157 1247 1220 contubernali
1270 1177 1337 1221 meo
1358 1161 1470 1223 melius

386 1245 570 1321 succederet,
593 1249 658 1325 ‘per
679 1243 778 1307 fidem'
801 1246 923 1323 iuquam
947 1248 1094 1317 ‘vestram
1117 1243 1253 1324 Ascyltos
1274 1244 1305 1306 in
1329 1246 1387 1307 boc
1414 1247 1470 1308 tri·

349 1338 364 1387 4
387 1330 476 1392 olinio
492 1331 574 1393 solus
589 1332 678 1393 ferias
692 1328 782 1409 agitl’
826 1329 886 1391 ‘ita'
901 1330 1000 1407 inquit
1015 1329 1158 1401 Quartilla
1174 1337 1214 1391 ‘et
1228 1329 1348 1411 Ascylto
1363 1331 1469 1393 emba-

387 1417 513 1479 sicoetas
528 1417 633 1479 detur'.
656 1416 694 1478 ab
706 1417 761 1477 bac
772 1433 844 1477 voce
860 1433 969 1494 equum
986 1416 1127 1477 cinaedus
1141 1416 1266 1477 mutavit
1276 1416 1468 1496 transituque
1491 1429 1514 1480 to

351 1511 366 1560 t
387 1503 422 1564 ad
439 1503 577 1564 comitem
593 1521 694 1565 meum
711 1503 788 1563 lacto
804 1499 943 1562 clunibus
964 1518 1032 1562 eum
1054 1501 1204 1580 basiisque
1226 1502 1359 1563 distrivit.
1379 1498 1384 1585 Ι
1405 1513 1469 1564 sta·
1488 1518 1514 1571 tt

387 1588 439 1649 bat
452 1588 533 1650 inter
547 1588 620 1650 baec
636 1588 724 1649 Giton
741 1595 771 1648 et
785 1586 848 1649 risu
864 1586 1041 1649 dissolvebat
1055 1586 1103 1648 ilia
1119 1606 1182 1648 sua.
1226 1588 1325 1666 itaque
1346 1589 1472 1668 conspi-

390 1684 454 1734 cata
470 1692 537 1734 eum
554 1673 707 1749 Quartilla,
728 1674 813 1735 cuius
829 1682 907 1734 esset
922 1690 1005 1752 puer,
1028 1672 1251 1751 diligentissima
1266 1673 1474 1735 sciscitatione

350 1771 365 1820 6
387 1760 539 1839 quaesivit.
585 1778 652 1821 cum
676 1778 731 1839 ego
751 1760 872 1820 fratrem
888 1776 987 1820 meum
1003 1776 1068 1819 esse
1086 1758 1234 1829 dixissem,
1257 1762 1360 1837 ‘quare
1382 1760 1470 1839 ergo'

388 1845 486 1923 inquit
501 1849 558 1906 ‘me
574 1865 635 1906 non
659 1842 809 1908 basiavitl'
852 1853 1049 1922 vocatumque
1069 1845 1104 1904 ad
1120 1864 1152 1906 se
1168 1844 1198 1905 in
1215 1844 1349 1906 osculum
1369 1845 1470 1927 appli-
1494 1855 1514 1906 tt

350 1947 364 1995 t
388 1930 459 1993 cuit.
486 1949 555 1991 mox
571 1949 691 1992 manum
707 1931 795 1992 etiam
811 1930 930 1991 demisit
944 1930 975 1990 in
992 1930 1090 1991 sinum
1107 1939 1137 1991 et
1151 1939 1334 2008 pertrectato
1348 1930 1474 1992 vasculo

389 2101 541 2177 militabit3
556 2103 645 2163 bodie
660 2104 741 2163 enim
759 2113 827 2181 post
842 2102 965 2163 asellum
981 2101 1073 2161 diaria
1089 2120 1151 2161 non
1166 2101 1274 2164 sumo'

336 2188 379 2255 25
475 2206 542 2249 cum
559 2188 632 2249 baec
647 2188 769 2261 diceret,
790 2189 825 2248 ad
841 2205 943 2247 aurem
960 2187 1025 2248 eius
1041 2187 1154 2268 Psyche
1169 2187 1271 2248 ridens
1284 2186 1419 2263 accessit,
1442 2198 1476 2249 et

389 2291 457 2335 cum
472 2273 594 2335 dixisset
610 2275 711 2335 nescio
727 2273 808 2357 quid,
830 2274 889 2347 ‘ita,
905 2271 953 2332 ita’
976 2273 1074 2351 inquit
1090 2272 1233 2344 Quartilla
1253 2271 1342 2333 ‘bene
1364 2272 1470 2334 admo·
1494 2285 1514 2334 rt

390 2359 490 2420 nuisti.
535 2376 590 2420 cur
605 2377 679 2433 non,
702 2359 770 2438 quia
786 2356 944 2419 bellissima
961 2359 1079 2419 occasio
1096 2364 1150 2431 est,
1172 2357 1375 2437 devirginatur
1391 2358 1474 2419 Pan-

351 2459 365 2508 2
389 2446 493 2525 nychis
516 2442 651 2506 nostra‘l'
681 2445 887 2523 continuoque
901 2443 1047 2524 producta
1069 2453 1115 2505 est
1137 2443 1234 2524 puella
1257 2445 1328 2505 satis
1347 2442 1424 2505 bella
1441 2457 1476 2506 et

390 2549 465 2611 quae
481 2548 543 2591 non
560 2531 627 2609 plus
642 2547 729 2610 quam
743 2539 857 2609 septem
874 2549 969 2591 annos
984 2530 1094 2591 babere
1109 2528 1274 2604 videbatur,
1290 2524 1342 2614 [et]
1357 2547 1391 2590 ea
1406 2530 1474 2609 ipsa

391 2635 466 2697 quae
487 2616 617 2697 primum
639 2634 707 2677 cum
724 2616 865 2688 Quartilla
889 2617 919 2675 in
937 2615 1041 2676 cellam
1056 2625 1177 2676 venerat
1199 2624 1340 2677 nostram.
1384 2615 1474 2693 plau-

353 2717 368 2765 3
389 2702 529 2765 dentibus
547 2720 619 2781 ergo
643 2702 788 2764 universis
811 2711 841 2762 et
862 2700 1082 2781 postulantibus
1098 2702 1218 2782 nuptias
1235 2696 1394 2787 [lecerunt]
1412 2701 1468 2762 ob·
1492 2711 1514 2761 rt

390 2788 491 2868 stupui
514 2806 570 2867 ego
594 2795 623 2849 et
646 2806 702 2849 nec
722 2788 840 2858 Gitona,
863 2786 1148 2847 verecundissimum
1171 2805 1308 2866 puerum,
1331 2787 1474 2849 subicere

391 2875 462 2934 buic
478 2873 659 2952 petulantiae
675 2873 825 2945 affirmavi,
850 2889 908 2931 nec
923 2870 1052 2950 puellam
1068 2871 1131 2932 eius
1146 2874 1250 2935 aetatis
1265 2891 1340 2948 esse,
1355 2881 1388 2932 ut
1403 2889 1473 2934 mu-

356 2958 493 3021 tliebris
515 2958 676 3038 patientiae
698 2957 794 3037 legem
817 2965 920 3037 posset
941 2958 1089 3036 accipere.
1134 2956 1191 3019 ‘ita'
1215 2959 1312 3038 inquit
1327 2958 1472 3030 Quartilla

392 3040 502 3104 ‘minor
517 3055 562 3105 est
577 3044 632 3105 ista
656 3061 743 3122 quam
766 3062 822 3121 ego
843 3042 897 3115 sui,
919 3061 988 3104 cum
1011 3042 1140 3122 primum
1156 3045 1251 3104 virum
1275 3061 1359 3123 passa
1381 3043 1473 3105 sum?

393 3130 539 3190 lunonem
557 3146 652 3190 meam
668 3129 771 3190 iratam
787 3127 922 3208 babeam,
945 3130 968 3189 si
985 3147 1118 3207 unquam
1137 3147 1185 3190 me
1207 3130 1393 3191 meminerim
1408 3129 1470 3189 vir·
1491 3138 1514 3188 et

357 3228 371 3276 5
393 3215 493 3295 ginem
510 3215 609 3279 luisse.
641 3234 710 3276 nam
726 3224 756 3276 et
770 3215 870 3276 infans
885 3233 952 3276 cum
969 3214 1091 3293 paribus
1107 3214 1246 3276 inclinata
1262 3233 1338 3287 sum,
1355 3223 1385 3275 et
1399 3214 1474 3276 sub-

395 3301 464 3362 inde
479 3300 713 3380 procedentibus
727 3301 816 3361 annis
832 3299 994 3361 maioribus
1016 3318 1064 3360 me
1086 3302 1188 3380 pueris
1210 3298 1352 3379 applicui,
1375 3299 1475 3362 donec

357 3399 372 3447 6
395 3386 431 3447 ad
453 3387 531 3447 banc
553 3395 677 3447 aetatem
700 3385 833 3465 perveni.
870 3386 941 3447 binc
957 3386 1045 3447 etiam
1060 3396 1133 3465 puto
1154 3383 1346 3467 proverbium
1369 3394 1475 3447 natum

395 3472 477 3550 illud,
500 3481 533 3532 ut
555 3472 670 3532 dicatur
693 3491 779 3551 posse
802 3480 920 3533 taurum
943 3471 1058 3544 tollere,
1081 3473 1131 3551 qui
1155 3471 1277 3533 vitulum
1300 3470 1475 3534 sustulerit’

358 3570 372 3619 t
396 3559 487 3638 igitur
503 3576 540 3618 ne
555 3560 696 3619 maiorem
713 3557 851 3619 iniuriam
867 3558 897 3617 in
914 3567 1030 3618 secreto
1052 3559 1143 3619 lrater
1163 3559 1320 3637 acciperet,
1343 3574 1471 3619 consur·
1493 3567 1514 3617 at

344 3640 459 3709 2lirexi
481 3644 517 3704 ad
539 3643 669 3705 olficium
693 3643 833 3723 nuptiale.
879 3643 935 3703 iam
952 3643 1064 3724 Psyche
1079 3642 1194 3722 puellae
1209 3651 1297 3723 caput
1312 3643 1478 3705 involverat

399 3731 545 3803 llammeo,
567 3728 625 3789 iam
641 3728 852 3817 erpbmichs
869 3728 1057 3809 praelerebat
1077 3730 1182 3801 lacem,
1206 3730 1261 3800 iam
1285 3729 1385 3790 ebriae
1407 3747 1476 3790 mu-

399 3817 488 3879 lieres
503 3814 626 3895 longum
642 3832 747 3895 agmen
769 3814 945 3894 plaudentes
964 3816 1098 3876 fecerant
1118 3815 1338 3894 thalamumque
1360 3814 1476 3876 incesta

362 3909 614 3964 texornaverant
636 3911 725 3975 veste,
756 3917 824 3961 cum
848 3900 990 3972 Quartilla
1021 3918 1142 3980 quoque
1165 3900 1326 3962 iocantium
1352 3899 1476 3962 libidine

485 4056 501 4106 6
514 4053 635 4104 vernulae
647 4052 656 4116 ΙΙ
671 4054 685 4103 'l
698 4055 736 4115 ut]
755 4066 788 4103 ne
802 4050 968 4117 Goldaetmll
981 4053 1015 4103 at
1028 4056 1132 4103 venerat
1142 4052 1167 4103 in
1180 4056 1294 4104 nostram
1307 4050 1398 4103 cellam
1409 4067 1477 4117 pars

400 4123 532 4174 librorum
543 4122 553 4189 ΙΙ
567 4124 597 4173 31
618 4120 751 4187 inquinata
764 4121 773 4184 ΙΙ
787 4122 821 4172 32
840 4120 1026 4186 prodeuntibus
1042 4120 1052 4186 l
1071 4122 1103 4173 33
1123 4125 1210 4171 natum
1229 4124 1292 4185 pnto
1311 4119 1476 4186 proverbium

399 4190 463 4243 illud
481 4191 566 4241 eadere
587 4188 776 4255 Trogus-tamis
786 4190 796 4256 ΙΙ
811 4190 844 4241 at
861 4193 891 4240 nt
904 4187 1159 4241 dicaturnonestin
1172 4188 1194 4239 L
1207 4188 1263 4256 139
1281 4193 1335 4240 tum
1350 4187 1356 4257 Ι
1371 4203 1477 4257 qnoque

401 4259 474 4327 quod
491 4259 541 4310 alti
559 4260 625 4310 titre·
639 4262 700 4324 post
716 4258 857 4311 iocantium
872 4273 988 4324 posuere
1003 4257 1197 4325 interpolatum
1213 4257 1322 4309 uidetur
