3417 4934
357 452 418 516 106
822 454 977 511 Pereunt

355 630 509 712 amplectit
533 630 656 692 forsitan
678 628 790 691 rediret
810 628 869 691 hoc
891 646 1001 710 corpus
1022 628 1060 691 ad
1074 629 1151 692 vires
1173 638 1204 692 et
1223 630 1449 711 resipiscerentt

317 728 332 778 8
355 723 455 798 partes
477 715 635 790 veneficio,
658 713 759 789 credo,
781 714 906 795 sopitae.
937 733 995 776 nec
1016 732 1064 777 me
1086 715 1288 778 contumeliae
1309 715 1423 780 lamenta

355 800 437 883 quod
458 799 631 863 verberatus
653 818 729 873 sum,
743 800 870 877 ¹nescio;
893 801 973 880 quod
995 801 1108 862 eiectus
1129 818 1206 877 sum,
1227 800 1330 865 lusum
1352 803 1425 883 poto

356 887 446 949 modo
460 885 558 948 redire
573 886 605 948 in
619 885 744 965 gratiam
758 882 853 947 liceat'

707 1013 708 1018 =
889 991 907 1030 ὑ

289 1048 353 1119 139
443 1063 544 1117 torum
559 1056 710 1135 frequenti
724 1055 903 1118 tractatione
918 1055 1028 1131 vexari,
1041 1055 1152 1119 amoris
1167 1056 1226 1119 mei
1242 1055 1330 1137 quasi
1344 1063 1449 1138 quan-t

358 1141 425 1203 dam
440 1139 598 1221 imaginem

890 1247 907 1286 t

319 1322 333 1373 2
513 1314 586 1373 ‘non
601 1310 697 1373 solum
712 1328 760 1372 me
776 1329 889 1372 numen
905 1319 936 1372 et
949 1309 1136 1391 implacabile
1150 1313 1245 1374 latum

511 1396 711 1477 persequitur.
741 1395 826 1476 prius
841 1395 961 1458 lnaohia
975 1395 1150 1477 Tirynthius
1165 1414 1218 1459 ora

515 1482 677 1561 exagitatus
692 1500 769 1544 onus
784 1481 858 1546 caeli
872 1481 949 1558 tulit,
964 1489 1034 1543 ante
1048 1482 1204 1562 profanam

511 1566 683 1629 Laomedon
698 1566 810 1647 gemini
825 1566 939 1629 satiarit
953 1567 1084 1629 numinis
1099 1566 1183 1642 iram,

512 1651 659 1714 lunonem
676 1651 770 1714 Pelias
784 1652 889 1731 sensit,
905 1652 973 1714 tulit
987 1652 1101 1714 inscius
1115 1670 1197 1715 arma

512 1737 662 1817 Telephus
677 1744 707 1799 et
721 1754 848 1817 regnum
863 1736 995 1817 Neptuni
1010 1738 1089 1817 pavit
1103 1736 1211 1799 Vlixes.

510 1840 559 1884 me
574 1840 694 1902 quoque
709 1840 765 1902 per
777 1830 884 1903 terras,
898 1840 954 1903 per
967 1822 1035 1884 cani
1049 1822 1162 1885 Nereos
1175 1839 1291 1901 aequor

513 1907 744 1988 Hellespontiaci
759 1907 896 1987 sequitur
909 1907 1005 1987 gravis
1019 1907 1063 1969 ira
1077 1906 1186 1989 Priapi'

893 2014 910 2052 ἡ

321 2107 336 2157 3
445 2095 591 2158 quaerere
613 2095 629 2138 a
652 2076 760 2139 Gitone
781 2096 849 2139 meo
873 2078 969 2159 coepi,
992 2095 1065 2138 nunt
1080 2076 1186 2156 aliquis
1200 2094 1248 2138 me
1265 2075 1465 2157 quaesissettt

360 2160 471 2226 ‘nemo’
485 2163 585 2242 inquit
599 2162 706 2228 ‘hodie
735 2162 788 2225 sed
803 2163 944 2226 hesterno
960 2162 1008 2224 dic
1019 2162 1127 2224 mulier
1137 2162 1282 2242 quaedam
1297 2161 1377 2224 haud
1390 2160 1432 2223 in·

360 2247 439 2310 culta
461 2248 580 2310 ianuam
602 2248 730 2322 intravit,
754 2265 884 2328 cumque
906 2248 957 2309 diu
980 2266 1098 2310 mecum
1121 2257 1198 2310 esset
1219 2247 1319 2310 locuta
1342 2254 1373 2310 et
1391 2263 1435 2308 rna

359 2334 503 2396 accersito
518 2351 658 2396 sermone
672 2333 818 2408 lassasset,
838 2333 943 2395 ultimo
958 2332 1058 2413 coepit
1073 2332 1183 2409 dicere,
1207 2341 1238 2395 te
1253 2350 1364 2396 noxam
1378 2348 1435 2394 me·

359 2419 455 2481 ruisse
477 2420 676 2498 daturumque
698 2418 819 2482 serulae
832 2437 956 2501 poenas,
978 2418 1003 2481 si
1024 2419 1122 2481 laesus
1136 2418 1168 2480 in
1191 2418 1326 2498 querella
1340 2423 1436 2499 perse·

359 2502 499 2568 rerasset’
1450 2505 1471 2557 h

895 2611 911 2649 *

323 2685 339 2735 4
448 2676 583 2738 nondum
606 2675 768 2755 querellam
790 2675 937 2749 finieram,
964 2692 1032 2736 cum
1056 2672 1176 2753 Chrysis
1196 2672 1361 2735 intervenit
1381 2688 1439 2734 arn·

361 2761 511 2841 plexuque
526 2760 704 2824 effusissimo
719 2778 767 2823 me
782 2760 889 2823 invasit
904 2770 933 2822 et
950 2763 1048 2821 ‘teneo
1063 2755 1103 2819 te'
1117 2758 1216 2838 inquit
1230 2757 1360 2837 ‘qualem
1375 2774 1440 2839 spe·

361 2864 509 2909 rarerama
526 2854 559 2909 tu
573 2845 752 2909 desiderium
767 2863 878 2927 meum,
891 2855 926 2907 tn
939 2843 1075 2926 voluptas
1089 2860 1165 2918 mea,
1186 2860 1344 2922 nunquam
1358 2841 1442 2906 finias

361 2933 444 2995 hunc
458 2932 569 3011 ignem,
585 2930 642 2993 nisi
657 2930 803 3010 sanguine
819 2927 990 2992 extinxeris'

896 3035 914 3076 e

325 3110 340 3159 5
447 3118 527 3162 unus
549 3119 585 3163 ex
606 3100 729 3163 noviciis
750 3100 875 3162 servulis
889 3098 988 3163 subito
1009 3098 1140 3161 accurrit
1154 3096 1271 3159 etmihi
1286 3096 1440 3160 dominum
1457 3102 1475 3156 a

363 3186 554 3250 iratissimum
577 3204 642 3248 esse
664 3185 828 3260 affirmavit,
851 3186 932 3265 qtrod
954 3183 1047 3247 hiduo
1069 3183 1127 3245 iam
1150 3182 1249 3245 officio
1272 3182 1444 3246 defuissem.

363 3279 445 3334 recte
460 3289 531 3351 ergo
547 3289 596 3333 me
611 3271 768 3346 laetarum,
783 3270 809 3333 si
823 3270 1047 3335 excusationem
1060 3268 1187 3348 aliquam
1203 3266 1342 3330 idoneam
1358 3285 1445 3349 prae·

364 3375 525 3438 parassem.
554 3357 602 3419 rix
617 3357 697 3419 enirn
714 3374 802 3437 posse
817 3356 891 3431 deri,
906 3364 941 3418 ut
955 3354 1053 3417 rabies
1067 3353 1225 3417 irascentis
1239 3353 1306 3416 sine
1320 3352 1446 3417 verbere

311 3445 313 3448 ’
363 3442 533 3506 consideret

898 3546 915 3585 t

297 3606 361 3678 140
450 3619 586 3674 matrona
601 3612 680 3674 inter
691 3611 948 3692 primashonesta,
959 3609 1121 3674 Philomela
1133 3609 1355 3691 nomine,qtrae
1366 3608 1443 3671 mul·
1461 3616 1475 3666 a

364 3707 410 3761 tas
423 3715 513 3778 saepe
524 3698 703 3760 hereditates
717 3697 816 3760 officio
832 3696 937 3759 aetatis
952 3705 1127 3771 extorserat,
1149 3704 1214 3757 tum
1228 3711 1304 3757 anus
1318 3702 1351 3757 et
1363 3693 1447 3757 floris

366 3783 503 3858 extincti,
522 3782 617 3845 filium
638 3781 786 3862 filiamque
810 3782 965 3863 ingerebat
988 3781 1070 3844 orbis
1089 3780 1228 3855 senibus,
1252 3787 1282 3841 et
1296 3779 1447 3860 perhanc

331 3870 589 3933 teucoessionem
610 3877 704 3930 artem
727 3886 810 3931 suam
833 3866 1041 3949 perseverabat
1062 3865 1235 3928 extendere.
1265 3882 1300 3927 ea
1322 3882 1397 3946 ergo
1411 3863 1448 3926 ad

455 4094 467 4143 1
487 4088 672 4142 reviviscerent
690 4087 810 4141 Batauus
827 4087 930 4154 aliquis
950 4086 961 4153 1
982 4088 999 4140 h
1021 4081 1161 4136 iactatione
1179 4084 1398 4149 lmrgmrannus
1409 4083 1449 4150 18

365 4156 425 4226 iral
441 4160 473 4212 lb
490 4161 520 4209 iu
538 4157 614 4209 lr‘lra's
632 4157 733 4221 agrem
745 4160 810 4222 post
828 4159 857 4210 11
880 4154 891 4224 ΙΙ
914 4156 945 4208 tt
968 4151 1037 4206 cavit
1054 4148 1249 4216 Souligaranus
1270 4151 1326 4219 121
1344 4156 1449 4205 malcus

366 4240 543 4293 praepararem
555 4224 565 4293 l
578 4225 613 4278 30
630 4223 780 4277 Philonem
799 4223 993 4291 Seaagmeos
1004 4217 1015 4288 Ι
1028 4223 1114 4272 tanen
1132 4233 1198 4274 anns
