3417 4934
360 423 402 487 88
823 425 981 483 Pll'l'llllllll

388 611 432 663 120
447 600 552 681 pallida
567 600 741 682 Tisiphone,
756 601 938 681 concisaque
952 600 1076 664 vulnera
1087 603 1210 665 mande:

447 687 484 748 ad
500 685 618 767 Stygios
634 704 737 749 manes
752 685 901 749 laceratus
916 687 1036 750 ducitur
1050 685 1161 750 orbis.”

293 766 358 837 122
490 770 609 833 vixdum
625 771 751 845 linierat,
768 790 836 834 cum
851 772 969 853 fulgure
984 780 1071 852 rupta
1086 791 1213 836 corusco

447 856 602 919 intremuit
616 856 713 920 nubes
728 856 878 938 elisosque
891 858 1016 920 abscidit
1030 858 1125 938 ignes.

447 940 579 1004 subsedit
594 951 681 1023 pater
696 942 879 1017 umbrarum,
894 943 1069 1023 gremioque
1084 943 1208 1007 reducto

389 1038 432 1089 125
446 1027 561 1090 telluris
574 1027 709 1108 pavitans
723 1028 872 1090 fraternos
886 1028 990 1109 palluit
1003 1028 1090 1092 ictus.

447 1114 592 1175 continuo
608 1111 705 1175 clades
718 1112 874 1175 bominum
888 1123 1074 1193 venturaque
1088 1115 1196 1177 damna

446 1198 1209 1363 11111111111111111111111

447 1368 547 1431 civiles
562 1368 641 1430 acies
655 1369 712 1430 iam
729 1376 793 1431 tum
808 1377 945 1448 spectare
958 1379 1090 1450 putares.

392 1465 434 1516 tau
448 1462 533 1535 parte
547 1454 603 1515 alia
617 1454 724 1533 plenos
739 1454 866 1516 extinxit
880 1454 1005 1536 Cynthia
1020 1455 1118 1517 vultus

447 1548 477 1601 et
491 1540 588 1601 lucem
604 1539 708 1601 sceleri
722 1539 874 1605 subduxit.
904 1547 993 1619 rupta
1007 1540 1153 1602 tonabant

446 1623 607 1687 verticibus
621 1624 711 1704 lapsis
726 1625 837 1687 montis
851 1625 930 1705 iuga,
947 1643 1004 1686 nec
1018 1643 1091 1703 vaga
1105 1626 1215 1705 passim

445 1709 568 1771 flumina
584 1727 638 1789 per
654 1717 739 1771 notas
754 1709 838 1771 ibant
851 1710 1009 1772 morientia
1024 1710 1114 1791 ripas.

446 1812 597 1856 armorum
612 1794 740 1874 strepitu
754 1795 869 1857 caelum
885 1795 957 1856 furit
971 1802 1001 1857 et
1014 1796 1085 1857 tuba
1101 1795 1225 1859 llartern

388 1889 431 1943 115
445 1878 592 1942 sideribus
605 1880 778 1943 tremefacta
793 1880 861 1955 ciet,
877 1879 995 1960 iamque
1010 1880 1105 1943 Aetna
1118 1891 1239 1944 voratur

446 1964 567 2043 ignibus
581 1964 708 2027 insolitis
723 1974 753 2027 et
768 1965 798 2027 in
815 1965 934 2027 aethera
949 1966 1074 2028 fulmina
1089 1966 1187 2028 mittit

447 2067 518 2111 ecce
533 2049 613 2111 inter
627 2049 758 2113 tumulos
773 2059 863 2130 atque
878 2068 945 2113 ossa
962 2052 1091 2113 carentia
1107 2050 1203 2114 bustis

446 2134 620 2196 umbrarum
636 2135 726 2197 facies
741 2135 806 2197 diro
820 2135 950 2198 stridore
964 2137 1127 2198 minantur.

446 2222 495 2283 iax
509 2219 601 2282 stellis
616 2220 754 2282 comitata
770 2221 855 2283 novis
869 2220 1009 2284 incendia
1023 2221 1116 2302 ducit,

386 2317 430 2368 140
444 2305 669 2385 sanguineoque
684 2323 792 2368 recens
806 2306 962 2368 descendit
975 2306 1110 2387 luppiter
1123 2306 1229 2369 imbre.

447 2392 521 2453 baec
536 2398 652 2453 ostenta
666 2390 748 2452 brevi
762 2391 849 2454 solvit
864 2391 947 2457 deus.
977 2392 1059 2454 exuit
1073 2409 1180 2454 omnes

449 2476 560 2557 quippe
575 2494 674 2538 moras
689 2476 804 2552 Caesar,
819 2477 1027 2557 vindictaeque
1043 2485 1127 2540 actus
1142 2495 1244 2540 amore

448 2561 560 2624 Gallica
574 2561 709 2642 proiecit,
725 2562 819 2623 civilia
834 2562 955 2625 sustulit
968 2580 1059 2627 arma.

491 2646 616 2728 Alpibus
630 2647 727 2722 aeriis,
743 2646 795 2709 ubi
810 2647 899 2709 Graio
915 2647 1039 2709 numine
1053 2646 1157 2727 pulsae

388 2744 431 2796 145
445 2733 632 2796 descendunt
647 2752 737 2815 rupes
752 2741 829 2796 etse
844 2733 999 2813 patiuntur
1013 2731 1097 2807 adiri,

448 2827 494 2880 est
507 2818 592 2881 locus
608 2817 761 2881 Herculeis
775 2818 834 2880 aris
849 2836 948 2880 sacer:
962 2819 1044 2879 bunc
1059 2818 1127 2879 nire
1141 2817 1214 2880 dura

448 2902 558 2966 claudit
572 2902 689 2983 biemps
704 2921 840 2982 canoque
854 2902 891 2964 ad
907 2903 1004 2966 sidera
1018 2902 1129 2965 vertice
1143 2903 1229 2966 tollit

449 2989 564 3050 eaelum
578 2988 662 3049 illinc
676 2988 819 3050 cecidisse
833 2996 940 3067 putes:
957 3005 1020 3049 non
1035 2988 1107 3050 solis
1122 2988 1215 3051 adulti

449 3073 631 3135 mansuescit
644 3073 745 3148 radiis,
760 3091 823 3135 non
841 3073 923 3135 verni
938 3073 1083 3152 temporis
1097 3091 1178 3147 aura,

389 3168 433 3220 150
447 3157 498 3219 sed
514 3157 608 3237 glacie
623 3166 764 3220 concreta
778 3158 880 3237 rigent
892 3158 1061 3238 hiemisque
1075 3158 1208 3238 pruinis:

448 3250 544 3305 totum
558 3243 637 3305 ferre
652 3252 751 3323 potest
766 3243 877 3305 umeris
891 3242 1099 3305 minitantibus
1114 3244 1228 3307 orbem.

447 3328 522 3390 baec
536 3328 589 3390 ubi
604 3327 728 3390 calcarit
744 3328 852 3391 Gaesau
866 3328 935 3408 iuga
951 3328 1044 3391 milite
1058 3329 1135 3391 laeto

448 3413 620 3495 optavitque
634 3413 743 3488 locum,
759 3432 876 3477 summo
892 3413 930 3477 dc
945 3414 1054 3477 vertice
1069 3414 1180 3476 montis

449 3498 611 3579 Hesperiae
625 3517 746 3580 campos
759 3500 817 3561 late
832 3499 986 3580 prospexit
1000 3507 1032 3561 et
1045 3499 1147 3562 ambas

389 3594 432 3646 155
447 3584 600 3647 intentans
615 3603 684 3650 cum
699 3603 771 3647 voce
786 3603 894 3649 manus
909 3585 945 3647 ad
960 3586 1056 3647 sidera
1070 3585 1159 3647 dixit:

449 3668 606 3749 “Iuppiter
621 3671 822 3750 omnipotens,
838 3679 869 3732 et
882 3679 923 3746 te,
938 3670 1078 3733 Saturnia
1093 3670 1191 3745 tellus,

450 3754 541 3817 armis
555 3754 629 3817 laeta
645 3755 719 3818 meis
735 3756 866 3836 olimque
882 3764 1005 3819 onerata
1018 3755 1187 3835 triumphis,

451 3848 554 3914 testor,
570 3839 606 3902 ad
621 3841 674 3903 has
689 3841 767 3904 acies
782 3841 908 3903 invitum
922 3860 1077 3905 accersere
1092 3841 1226 3915 Martem

365 3954 416 3961 -
453 3995 502 4046 120
520 3992 702 4060 conscissaque
717 4007 783 4057 pure
800 3991 955 4060 librorum!
969 3994 1018 4047 125
1036 3988 1131 4059 polluit
1147 3990 1158 4059 Ι
1177 3994 1226 4046 128
1244 3988 1359 4041 titubant
1371 3987 1382 4056 l
1393 3987 1441 4044 120

365 4061 463 4129 spirare
480 4061 586 4128 (spltare
601 4062 692 4127 primo
709 4059 887 4128 Berneueistl
901 4061 949 4114 tae
967 4060 1102 4125 uincturq
1116 4061 1166 4113 144
1183 4059 1311 4125 nominet
1325 4058 1373 4112 ua
1389 4055 1442 4116 llllc'

365 4059 1444 4268 {illuminittltn„attulittt‘dmttfbttt‘ztl
