3417 4934
719 456 873 512 SATTRAE
1290 460 1329 518 27

229 637 302 694 rest
321 631 449 712 ingens,
471 637 502 693 et
523 648 594 693 eece
613 649 704 693 canes
717 629 858 693 Laconici
873 632 960 694 etiam
975 632 1055 697 circa
1071 650 1202 694 mensam
1217 632 1331 696 discur-

255 735 320 779 rere
343 725 520 797 coepemnt.
550 725 686 778 secutum
709 725 754 779 est
774 717 830 779 hos
846 718 1070 798 repositorium,
1093 718 1124 780 iu
1141 737 1201 798 quc
1216 719 1331 799 positus
1350 732 1366 782 3

256 811 317 865 erat
331 804 448 883 primae
462 802 678 882 magnitudinis
693 821 775 882 aper,
791 803 956 882 etquidem
972 804 1119 885 pilleatus,
1134 805 1249 866 ecuius
1260 805 1332 867 den-

255 888 331 951 tibus
344 888 508 969 sportellae
522 887 732 968 dependebant
742 888 818 950 duae
829 888 967 968 palmulis
981 898 1086 964 textae,
1101 890 1192 952 altera
1204 892 1331 971 caryotis

225 988 237 1037 t
254 975 346 1037 altera
366 972 511 1036 thebaicis
529 973 652 1053 repleta.
683 973 761 1035 circa
777 983 876 1035 autem
892 974 1024 1038 minores
1038 976 1162 1056 porcelli
1177 996 1213 1038 ex
1229 986 1332 1057 copto-
1351 994 1367 1043 1

254 1059 400 1139 placentis
413 1058 494 1135 facti,
510 1059 593 1139 quasi
608 1059 753 1122 uberibus
767 1059 969 1134 imminerent,
985 1062 1112 1123 scrofam
1128 1081 1194 1125 esse
1204 1063 1330 1142 positam

253 1144 471 1224 significabant.
493 1153 523 1206 et
536 1144 568 1206 hi
583 1144 703 1224 quidem
714 1146 892 1225 apophoreti
908 1146 1039 1209 luerunt.
1060 1156 1191 1210 ceterum
1203 1147 1240 1209 ad
1252 1150 1330 1210 scin·
1352 1164 1368 1213 n

253 1230 383 1293 dendum
394 1248 501 1311 aprum
514 1248 575 1292 non
586 1230 637 1293 ille
647 1229 761 1311 Carpus
771 1232 906 1304 accessit,
918 1232 969 1310 qui
980 1232 1068 1294 altilia
1080 1233 1268 1307 laceraverat,
1280 1236 1331 1297 sed

253 1314 393 1380 barbatus
415 1318 539 1396 ingens,
562 1316 660 1378 fasciis
682 1316 850 1379 cruralibus
872 1317 1007 1396 alligatus
1021 1327 1051 1380 et
1065 1318 1171 1380 alicula
1185 1320 1333 1382 suborna-

208 1409 237 1463 lt
252 1411 299 1465 tus
320 1401 480 1484 polymita,
502 1402 667 1481 strictoque
682 1402 835 1464 venatorio
850 1403 948 1464 cultro
972 1402 1049 1465 latus
1064 1404 1128 1484 apri
1143 1405 1334 1467 vehementer

254 1488 411 1568 percussit,
427 1505 464 1548 ex
479 1487 565 1551 cuius
579 1486 663 1568 plaga
680 1488 759 1548 turdi
774 1488 976 1550 evolaverunt.
1007 1490 1101 1569 parati
1115 1508 1248 1570 aucupes
1262 1509 1331 1553 cum
1353 1503 1368 1552 6

253 1572 471 1636 harundinibus
481 1573 605 1635 luerunt
616 1581 647 1634 et
662 1592 714 1635 eos
729 1573 807 1635 circa
824 1573 985 1635 triclinium
1002 1574 1158 1637 volitantes
1179 1588 1333 1638 momento

253 1666 447 1739 exceperunt
477 1657 548 1720 inde
562 1676 630 1720 cum
647 1676 734 1720 suum
750 1659 859 1737 cuique
875 1659 1010 1722 iussisset
1023 1660 1129 1722 referri
1141 1661 1332 1736 Trimalchio,
1352 1676 1367 1724 1

252 1744 372 1807 adiecit:
398 1744 496 1806 ‘etiam
519 1744 631 1817 videte,
654 1762 743 1823 quam
764 1762 877 1825 porcus
898 1745 948 1806 ille
962 1744 1112 1809 silvaticus
1126 1745 1215 1808 lotam
1233 1766 1332 1809 come·

207 1838 235 1891 15
252 1829 328 1892 derit
342 1828 502 1911 glandem'.
524 1829 622 1891 statim
638 1830 724 1910 pueri
737 1831 773 1891 ad
788 1829 946 1910 sportellas
956 1840 1159 1907 accesserunt,
1171 1851 1247 1912 quae
1259 1852 1331 1913 pen·
1353 1844 1368 1896 8

252 1914 362 1978 dobant
385 1934 402 1976 e
423 1914 580 1990 dentibus,
601 1914 812 1996 thebaicasque
834 1924 865 1977 et
886 1927 1020 1997 caryotas
1035 1918 1070 1978 ad
1087 1936 1245 1980 numerum
1260 1919 1333 1981 divi-

251 2019 317 2064 serc
338 1999 529 2063 cenantibus.
558 2000 678 2063 interim
694 2019 760 2080 ego,
783 2002 834 2080 qui
850 2001 997 2082 privatum
1012 2002 1159 2065 habebam
1174 2023 1334 2080 secessum,
1349 2001 1393 2070 41

253 2087 281 2149 in
303 2086 415 2150 multas
439 2085 635 2165 cogitationes
658 2086 804 2149 deductus
826 2105 903 2161 sum,
926 2106 1019 2167 quare
1041 2106 1115 2168 aper
1129 2088 1267 2169 pilleatus
1289 2090 1333 2152 in·

250 2181 366 2235 trasset.
404 2180 562 2253 postquam
584 2173 684 2252 itaque
707 2173 804 2235 omnis
826 2171 990 2235 bacalusias
1012 2175 1202 2254 consumpsi,
1231 2176 1332 2238 duravi
1354 2187 1369 2236 1

205 2258 443 2337 luinterrcqare
464 2257 548 2320 illum
570 2257 764 2338 interpretem
787 2276 903 2333 meum,
926 2259 1007 2338 quod
1028 2278 1077 2322 me
1099 2268 1264 2339 torqueret.
1305 2272 1334 2322 at

250 2342 315 2406 illes
339 2344 442 2424 ‘plane
463 2343 551 2405 etiam
573 2343 631 2405 hoc
654 2362 756 2406 servus
780 2351 851 2405 tuus
871 2344 1003 2406 indicare
1026 2355 1137 2425 potest,
1164 2366 1225 2408 uon
1253 2348 1332 2408 enim
1354 2359 1369 2408 3

250 2429 388 2509 aenigma
403 2436 457 2504 est,
472 2430 525 2491 sed
539 2448 589 2491 res
602 2437 715 2508 aperta.
738 2428 787 2490 bic
798 2447 881 2509 aper,
897 2449 965 2492 eum
977 2430 1040 2492 heri
1052 2448 1167 2492 summa
1179 2450 1252 2494 cena
1264 2450 1332 2493 eum
1355 2444 1370 2493 t

249 2514 438 2590 vindicasset,
460 2532 477 2575 a
492 2514 623 2577 convivis
638 2515 775 2577 dimissus
790 2524 845 2588 est3
866 2515 965 2594 itaque
980 2515 1069 2578 hodie
1084 2525 1226 2595 tanquam
1242 2517 1334 2579 liher-

250 2610 300 2663 tus
321 2599 354 2662 in
374 2600 543 2663 convivium
565 2600 743 2662 revertitur’.
773 2599 909 2661 damnavi
931 2618 987 2679 ego
1009 2610 1162 2680 stuporem
1181 2622 1280 2664 meum
1303 2613 1332 2664 et
1354 2615 1369 2664 5

205 2691 230 2746 to
251 2685 325 2749 nihil
346 2685 475 2767 amplius
496 2686 689 2764 interrogavi,
712 2704 752 2747 ne
771 2684 890 2746 viderer
911 2704 1065 2766 nunquam
1088 2687 1168 2748 inter
1188 2687 1333 2750 honestos

251 2790 388 2834 conasse.

337 2856 409 2920 dum
425 2856 499 2919 haec
514 2856 675 2937 loquimur,
698 2874 773 2936 puer
787 2856 952 2935 speciosus,
967 2857 1076 2919 vitibus
1090 2857 1269 2937 hederisque
1283 2878 1331 2921 re·
1354 2871 1369 2919 e

251 2942 383 3017 dimitus,
402 2944 492 3004 modo
507 2941 670 3014 Bromium,
692 2941 842 3003 interdum
859 2942 986 3023 Lyaeum
1004 2942 1193 3024 Euhiumque
1215 2945 1334 3007 conses-

250 3047 320 3101 sus,
341 3028 501 3092 calathisco
521 3046 593 3090 uvas
615 3028 798 3090 circumtulit
813 3035 843 3089 et
858 3040 993 3108 poemata
1009 3029 1122 3091 domini
1138 3030 1184 3092 sui
1200 3031 1335 3093 acutissi-

205 3124 229 3174 111
249 3132 298 3180 ma
319 3132 395 3176 voce
415 3114 553 3176 traduxit
583 3114 619 3175 ad
642 3132 732 3194 quem
751 3131 859 3175 sonum
882 3132 1044 3177 conversus
1059 3114 1237 3177 Trimalchio
1253 3117 1333 3178 ‘Dio-
1355 3129 1369 3177 7

251 3197 337 3281 nyse’
359 3199 459 3279 inquit
479 3199 565 3261 ‘liber
586 3198 669 3261 esto’.
700 3216 777 3279 puer
798 3198 925 3260 detraxit
946 3200 1068 3280 pilleum
1088 3219 1162 3281 apro
1186 3202 1335 3282 capitique

250 3303 308 3348 suo
330 3284 483 3366 imposuit
519 3293 583 3346 tum
606 3284 784 3346 Trimalchio
810 3302 916 3346 rursus
942 3284 1063 3347 adiecit:
1091 3289 1162 3348 ‘non
1189 3287 1371 3367 negabitise

251 3369 310 3434 me'
333 3370 433 3451 iuquit
453 3368 574 3432 ‘habere
596 3369 737 3432 Liberum
760 3367 896 3450 patrem’.
931 3370 1113 3435 laudavimus
1135 3372 1248 3435 dictum
1269 3372 1335 3434 Tri-

251 3456 432 3520 malchionis
446 3463 477 3518 et
491 3456 726 3518 circumeuntem
742 3473 870 3536 puerum
885 3474 957 3517 sane
972 3457 1187 3536 perbasiamus.

205 3553 229 3604 tn
338 3541 377 3603 ab
392 3542 450 3604 hec
473 3541 587 3603 ferculo
602 3540 781 3603 Trimalchio
804 3541 839 3602 ad
854 3540 989 3603 lasanum
1005 3544 1143 3604 surrexit.
1174 3563 1230 3606 nos
1244 3543 1334 3606 liher—
1356 3554 1371 3603 9

252 3636 344 3692 tatem
368 3628 434 3690 sine
455 3636 583 3708 tyranno
606 3628 685 3688 nacti
706 3626 860 3706 coepimus
876 3626 1002 3689 invitare
1018 3629 1206 3691 convivarum
1222 3648 1336 3691 sermo·

252 3732 319 3778 nes.
349 3713 443 3776 Dama
457 3712 558 3793 itaque
574 3712 689 3793 primus
704 3732 772 3775 cum
788 3712 959 3792 pataracina
976 3715 1170 3793 poposcisset,
1192 3714 1273 3777 ‘dies'
1288 3716 1335 3776 in·
1358 3724 1386 3775 10

251 3801 319 3881 quit
339 3798 427 3862 ‘nihil
446 3808 501 3860 est.
532 3798 603 3861 dum
623 3817 723 3861 versas
737 3805 784 3873 te,
808 3816 869 3859 nox
884 3799 926 3860 fit.
956 3798 1056 3877 itaque
1072 3800 1147 3861 nihil
1162 3810 1207 3862 est
1220 3800 1336 3871 mehus,

251 3905 343 3968 quam
365 3885 404 3948 de
424 3884 564 3947 cubiculo
586 3894 667 3947 recte
689 3884 719 3945 in
743 3884 905 3946 triclinium
926 3883 981 3945 ire.
1023 3894 1053 3945 et
1074 3886 1219 3948 mundum
1242 3887 1336 3965 frigus
1359 3894 1387 3947 11

205 3979 228 4031 u
250 3971 424 4035 babuimus.
453 3969 501 4032 vix
516 3989 564 4033 me
579 3970 705 4032 balneus
721 3968 846 4031 calfecit.
874 3978 973 4032 tamen
990 3970 1073 4031 calda
1089 3971 1171 4052 potio
1185 3971 1338 4034 vestiarius

341 4176 375 4227 ¹4
392 4168 498 4238 totam!
514 4173 543 4224 re
561 4170 664 4223 decrevi
687 4173 792 4224 conieci
811 4170 822 4239 ll
845 4174 878 4225 20
897 4172 958 4239 quid
971 4170 1028 4240 122
1046 4188 1135 4225 cenam
1154 4173 1311 4227 vindicasset
1328 4173 1338 4243 l

249 4245 285 4304 34
303 4243 496 4296 circumeuntes
507 4239 519 4306 Ι
532 4240 564 4291 at
582 4238 677 4291 clamat
694 4240 783 4307 itaque
