3417 4934
398 448 439 505 40
858 446 1012 501 Pll'l'lltlllll

340 617 383 686 60
478 639 536 684 nec
552 620 602 681 diu
616 620 718 681 mirari
741 619 824 683 licuit
841 630 901 684 tam
918 621 1068 703 elegantes
1082 622 1236 702 strophas3
1261 641 1330 685 nam
1346 629 1497 706 repente!

354 718 367 767 2
391 708 540 769 lacunaria
553 725 661 768 sonare
674 717 840 788 coeperunt
854 716 1012 788 totumque
1026 707 1189 769 triclinium
1204 709 1370 776 intremuit.
1399 731 1467 775 con·

391 802 541 855 sternatus
563 812 618 872 ego
639 793 793 854 exsurrexi
814 804 845 855 et
864 794 959 868 timui,
982 813 1020 856 ne
1043 811 1098 874 per
1116 803 1228 855 tectum
1248 797 1470 875 petauristarius

391 879 497 959 aliquis
511 876 715 940 descenderet.
746 898 802 941 nec
819 881 919 942 minus
933 880 1040 960 reliqui
1057 880 1196 942 convivae
1212 880 1357 945 mirantes
1372 902 1469 946 erare-

353 975 367 1024 3
389 983 425 1046 re
444 965 560 1040 vultus,
587 973 779 1045 expectantes
806 967 876 1047 quid
903 966 971 1027 novi
992 966 1029 1027 de
1051 965 1134 1027 caelo
1157 966 1357 1030 nuntiaretur.
1402 981 1495 1032 occet

391 1062 489 1113 autern
504 1050 632 1112 diductis
647 1050 838 1114 lacunaribus
853 1050 953 1114 subito
969 1051 1098 1114 circulus
1113 1051 1231 1129 iugens,
1246 1052 1283 1113 de
1299 1072 1376 1134 cupa
1390 1054 1468 1118 ride·
1512 1125 1513 1132 ,

390 1137 460 1199 licet
473 1135 579 1218 grandi
595 1155 747 1211 excussus,
771 1137 945 1212 demittitur,
968 1137 1054 1199 cuius
1076 1155 1131 1217 per
1148 1145 1244 1199 totum
1264 1138 1369 1201 orbem
1384 1158 1469 1203 coro·

353 1233 367 1281 4
391 1242 447 1284 nae
462 1241 569 1283 aureae
585 1241 653 1284 cum
669 1222 824 1285 alabastris
838 1223 987 1304 unguenti
1003 1222 1184 1303 pendebant.
1223 1223 1294 1285 dum
1309 1225 1385 1287 baec
1399 1244 1470 1306 apo·

389 1310 513 1388 phoreta
530 1307 668 1370 iubemur
683 1326 811 1384 sumere,
826 1309 992 1390 respiciens
1008 1308 1043 1371 ad
1060 1326 1193 1369 mensam

390 1396 448 1456 iam
463 1395 522 1456 illic
538 1395 748 1475 repositorium
767 1413 835 1456 cum
851 1395 996 1475 placentis
1013 1394 1127 1473 aliquot
1143 1402 1208 1455 erat
1224 1394 1366 1473 positum,
1389 1396 1467 1476 quod
1486 1407 1506 1459 lt

389 1481 519 1542 medium
534 1480 659 1561 Priapus
675 1498 691 1540 a
707 1481 819 1559 pistore
835 1483 931 1543 lactus
945 1479 1075 1554 tenebat,
1094 1479 1268 1560 gremioque
1284 1480 1355 1543 satis
1371 1482 1468 1563 amplo

352 1575 366 1624 5
389 1566 487 1629 omnis
501 1567 622 1648 generis
637 1584 725 1646 poma
743 1575 772 1627 et
787 1585 860 1629 uras
875 1565 1040 1629 sustinebat
1054 1583 1138 1626 more
1153 1564 1281 1645 vulgato.
1307 1566 1422 1630 avidius
1436 1568 1469 1629 ad

389 1670 528 1732 pompam
549 1670 656 1714 manus
674 1652 872 1737 porreximus,
894 1662 924 1714 et
943 1660 1068 1733 repente
1084 1669 1159 1712 nova
1179 1650 1319 1713 ludorum
1334 1653 1470 1716 remissio

351 1746 366 1794 c
388 1738 565 1799 bilaritatem
581 1738 630 1799 bic
645 1737 759 1800 reiecit.
798 1756 904 1800 omnes
923 1738 1004 1799 enim
1024 1737 1180 1818 placentae
1200 1737 1363 1817 omniaque
1383 1756 1469 1819 poma

389 1824 475 1885 etiam
498 1824 619 1885 minima
635 1824 790 1885 vexatione
812 1831 948 1886 contacta
971 1831 1138 1903 coeperunt
1158 1822 1313 1884 effundere
1335 1842 1469 1900 crocum,
1487 1833 1509 1886 u

350 1917 364 1966 7
388 1918 418 1970 et
432 1928 529 1989 usque
548 1910 582 1971 ad
606 1929 640 1971 os
659 1910 802 1972 molestus
823 1927 912 1971 umor
929 1909 1073 1971 accidere.
1110 1908 1166 1969 rati
1183 1926 1255 1989 ergo
1270 1926 1389 1971 sacrum
1407 1929 1471 1973 esse

388 1995 544 2057 fericulum
568 2004 626 2056 tam
649 1994 788 2076 religioso
811 2004 956 2076 apparatu
980 1995 1143 2076 perfusum,
1167 1995 1413 2058 consurreximus
1430 1996 1470 2058 al·

387 2080 446 2142 tius
469 2090 499 2141 et
521 2079 681 2159 ‘Augusto,
702 2080 779 2161 patri
801 2082 930 2162 patriae,
953 2078 1088 2142 feliciter’
1111 2078 1248 2141 diximus.
1293 2080 1470 2159 quibusdam

387 2174 487 2228 tamen
511 2166 599 2228 etiam
622 2168 783 2247 posthanc
799 2167 1021 2229 venerationem
1044 2183 1133 2246 poma
1155 2163 1343 2244 rapientibus
1365 2176 1397 2229 et
1415 2166 1470 2248 ipsi

387 2270 509 2332 mappas
525 2251 720 2333 implevimus,
738 2271 794 2332 ego
810 2252 980 2333 praecipue,
998 2251 1049 2331 qui
1067 2249 1149 2312 nullo
1164 2250 1234 2312 satis
1249 2251 1346 2331 amplo
1363 2271 1468 2316 mune·
1487 2262 1510 2314 a

387 2357 420 2400 re
436 2337 575 2418 putabam
592 2356 639 2399 me
655 2356 781 2400 onerare
798 2338 915 2400 Gitonis
929 2338 1041 2402 sinum.

350 2432 365 2482 8
475 2424 554 2486 inter
577 2425 650 2486 baec
673 2433 733 2486 tres
755 2426 841 2505 pueri
869 2424 1010 2486 candidas
1032 2421 1177 2485 succincti
1200 2421 1318 2484 tunicas
1340 2422 1470 2485 intrare·

391 2520 471 2585 runt,
488 2529 616 2590 quorum
631 2512 691 2573 duo
703 2510 795 2573 Lares
806 2510 934 2573 bullatos
945 2528 1037 2590 super
1050 2526 1184 2570 mensam
1200 2516 1378 2587 posuerunt,
1393 2527 1472 2572 unus

390 2606 521 2677 pateram
537 2597 598 2660 rini
615 2597 830 2659 circumierens
845 2596 895 2658 ‘dii
910 2594 1041 2677 propitii'
1057 2593 1212 2656 clamabat.

388 2682 484 2745 aiebat
500 2692 599 2745 autem
617 2701 711 2745 unum
728 2682 904 2758 Cerdonem,
922 2683 1049 2743 alterum
1065 2680 1254 2762 Felicionem,
1271 2678 1394 2740 tertium
1411 2679 1471 2741 Lu·
1488 2690 1512 2743 a

349 2776 364 2825 9
388 2770 522 2832 crionem
545 2770 654 2832 vocari.
692 2788 749 2831 nos
767 2771 854 2831 etiam
870 2786 968 2829 reram
987 2767 1147 2846 imaginem
1167 2765 1261 2844 ipsius
1275 2763 1470 2828 Trimalchio·

391 2856 446 2932 nis,
461 2875 531 2918 cum
547 2856 603 2917 iam
619 2874 726 2917 omnes
741 2855 902 2929 basiarent,
917 2852 1092 2915 erubuimus
1107 2850 1280 2933 praeterire.

333 2934 376 3003 61
475 2950 632 3021 postquam
652 2960 722 3020 ergo
739 2958 845 3002 omnes
867 2939 977 3000 bonam
996 2944 1126 2999 mentem
1148 2937 1320 3015 bonamque
1337 2935 1472 2998 valitudi-

348 3034 362 3083 2
387 3046 454 3089 nem
475 3027 531 3089 sibi
547 3035 699 3107 optarunt,
712 3025 893 3087 Trimalchio
908 3022 944 3085 ad
956 3024 1127 3085 Nicerotem
1141 3021 1273 3102 respexit
1287 3030 1318 3081 et
1332 3021 1471 3085 ‘solebas'

386 3112 485 3193 inquit
507 3112 635 3175 ‘suavius
657 3131 722 3175 esse
745 3112 776 3173 in
802 3111 956 3186 convictu;
983 3109 1085 3171 nescio
1109 3108 1180 3189 quid
1203 3125 1286 3168 nunc
1307 3116 1389 3170 taces
1411 3126 1469 3170 nec
1487 3118 1513 3169 tc

388 3199 498 3261 muttis.
536 3217 590 3259 oro
605 3207 645 3272 te,
669 3198 711 3260 sic
727 3198 842 3260 felicem
858 3215 906 3258 me
921 3194 1030 3271 rideas,
1052 3213 1140 3256 narra
1155 3192 1228 3255 illud
1244 3193 1324 3271 quod
1340 3192 1394 3254 tibi
1410 3212 1468 3256 usu

347 3293 362 3342 3
385 3284 484 3346 renit'.
527 3283 650 3346 Niceros
673 3284 835 3346 delectatus
863 3281 1033 3344 affabilitate
1055 3280 1141 3342 amici
1164 3284 1264 3341 ‘omne
1288 3277 1346 3338 me'
1369 3278 1469 3359 inquit

386 3370 511 3432 ‘lucrum
527 3364 668 3445 transeat,
692 3370 750 3432 nisi
765 3370 822 3432 iam
846 3367 957 3431 dudum
981 3365 1171 3447 gaudimonio
1195 3362 1316 3437 dissilio,
1340 3366 1421 3442 quod
1437 3373 1468 3427 te

348 3464 362 3512 4
386 3456 472 3517 talem
488 3456 584 3517 video.
617 3456 717 3536 itaque
731 3455 834 3517 hilaria
857 3473 938 3516 mera
954 3453 1024 3525 sint,
1048 3452 1102 3514 etsi
1116 3452 1208 3513 timeo
1223 3449 1297 3510 istos
1311 3448 1467 3512 scholasti·

386 3561 446 3616 cos,
470 3561 509 3604 ne
524 3560 572 3603 me
587 3542 714 3604 rideant.
751 3540 894 3603 viderint:
919 3538 1048 3600 narrabo
1070 3547 1186 3614 tamen;
1210 3534 1279 3615 quid
1296 3533 1376 3596 enim
1393 3536 1467 3598 milri
1487 3547 1513 3598 ὅ

348 3636 362 3685 5
384 3629 489 3703 aufert,
513 3628 564 3707 qui
587 3626 686 3689 ridet‘l
714 3626 805 3689 satius
828 3635 874 3688 est
895 3624 986 3687 rideri
1009 3641 1097 3704 quam
1120 3619 1269 3685 derideri’.
1307 3620 1391 3681 ‘haec
1413 3620 1467 3683 nbi

385 3714 462 3777 dicta
478 3712 578 3788 dedic,
593 3714 682 3775 talem
698 3712 826 3774 fabulam
842 3729 967 3774 exorsus
982 3719 1041 3772 est:

346 3809 361 3858 c
469 3807 547 3861 ‘cum
567 3799 663 3861 adhuc
681 3798 831 3874 servirem,
854 3796 1063 3858 habitabamus
1085 3794 1117 3855 in
1133 3792 1196 3854 rico
1214 3799 1358 3869 angusto;
1383 3811 1468 3856 nunc

384 3886 512 3948 Gavillae
526 3886 633 3947 domus
648 3893 701 3947 est.
733 3882 783 3959 ibi,
807 3883 957 3964 quomodo
981 3882 1020 3944 dii
1037 3881 1150 3955 volunt,
1173 3894 1271 3938 amare
1291 3877 1376 3957 coepi
1392 3896 1468 3941 uxo·

469 4094 486 4144 d
509 4087 656 4157 deducturi
672 4090 704 4141 13
722 4091 763 4139 set
779 4091 806 4137 at
826 4085 916 4138 missio
934 4086 1049 4136 antebac
1070 4085 1231 4163 smmum
1249 4080 1313 4161 bu
1330 4078 1468 4148 liquefecit

385 4162 496 4280 ἓξὲξ,
506 4154 888 4295 ubaiprqlgeqietriqlppnlp‘aqiqeqpt
899 4153 970 4221 nos-ll
984 4156 1014 4206 17
1034 4152 1176 4219 periculum
1189 4149 1200 4218 l
1214 4152 1246 4203 ra
1264 4146 1356 4217 rpeasl
1375 4151 1408 4201 25
1427 4149 1467 4203 ln·
