3417 4934
745 495 901 549 servate
1324 498 1362 555 19

205 719 207 724 »
236 675 270 738 lo
288 687 412 733 accensa
442 678 472 731 et
499 669 564 751 ipsa
590 670 719 733 surrexit
744 678 977 751 correptumque
1003 670 1110 733 Gitona
1137 671 1167 731 in
1195 669 1365 731 cubiculum

371 841 438 903 sine
459 840 550 901 dubio
574 859 635 902 non
659 849 878 921 repugnaverat
899 859 984 922 puer,
1008 858 1043 903 ac
1065 860 1104 902 ne
1126 840 1224 921 puella
1247 841 1366 919 quidem
1390 854 1405 901 a

205 959 207 965 >
288 926 380 990 tristis
395 934 553 1007 expaverat
569 926 741 1007 nuptiarum
757 944 880 988 nomen.
908 927 1008 1007 itaque
1024 944 1091 988 cum
1107 926 1215 988 inclusi
1229 926 1368 1001 iacerent,
1390 938 1406 987 4

261 1025 273 1075 b
289 1010 480 1075 consedimus
494 1020 563 1073 ante
578 1011 668 1072 limen
684 1011 814 1088 thalami,
830 1022 861 1073 et
876 1012 906 1074 in
923 1013 1025 1093 primis
1038 1012 1181 1083 Quartilla
1196 1030 1252 1092 per
1263 1013 1368 1073 rimam

288 1096 424 1179 improbe
439 1096 587 1158 diductam
604 1096 788 1177 applicuerat
803 1097 922 1160 oculum
939 1098 1091 1159 curiosum
1113 1097 1271 1177 lusumque
1291 1115 1368 1178 puc-

288 1183 370 1246 rilem
396 1182 554 1245 libidinosa
580 1181 791 1262 speculabatur
813 1183 976 1262 diligentia.
1019 1201 1211 1262 mequoque
1234 1185 1269 1244 ad
1290 1184 1367 1245 idem
1390 1195 1404 1243 5

288 1268 491 1350 spectaculum
507 1267 586 1329 lenta
601 1285 692 1329 manu
708 1268 804 1342 traxit,
827 1277 858 1330 et
872 1270 942 1349 quia
957 1268 1212 1331 considerantium
1228 1270 1367 1330 cohaese-

288 1363 354 1417 rant
367 1354 479 1427 vnltns,
503 1352 675 1433 quicquida
697 1355 867 1434 spectaculo
888 1354 1019 1428 vacabat,
1042 1354 1248 1416 commovebat
1272 1354 1369 1416 obiter

255 1450 275 1501 lu
291 1439 369 1502 labra
386 1447 417 1501 et
430 1457 479 1501 me
494 1447 636 1518 tanquam
652 1439 768 1501 furtivis
782 1439 911 1502 subinde
926 1440 1035 1503 osculis
1049 1439 1224 1502 verberabat

823 1545 840 1582 2

261 1626 277 1677 l
370 1608 376 1693 Ι
396 1608 504 1672 abiecti
520 1609 551 1671 in
569 1609 653 1672 lectis
667 1610 732 1672 sine
748 1619 828 1673 metu
844 1611 990 1691 reliquam
1006 1611 1159 1691 exegimus
1174 1619 1292 1673 noctem
1390 1623 1405 1670 e

822 1718 839 1755 *

260 1798 280 1848 a
368 1778 517 1862 lveuerat
531 1780 589 1841 iam
604 1780 710 1843 tertius
731 1780 803 1852 dies,
827 1781 856 1843 id
879 1789 924 1843 est
945 1782 1109 1862 expectatio
1132 1781 1243 1843 liberae
1265 1800 1368 1856 cenae,
1389 1796 1404 1843 a

289 1868 337 1930 sad
356 1875 403 1929 tot
422 1865 596 1929 vulneribus
621 1867 769 1929 confossis
789 1869 858 1948 luga
880 1867 973 1947 magis
995 1867 1139 1948 placebat,
1162 1886 1250 1948 quam
1272 1868 1366 1947 quies.

290 1953 386 2034 itaque
408 1970 478 2014 cum
497 1951 602 2014 maesti
622 1951 866 2027 deliberaremus,
892 1972 1023 2033 quonam
1047 1972 1158 2033 genere
1180 1964 1367 2034 praesentem
1390 1964 1405 2014 a

257 2047 276 2097 15
291 2039 467 2101 evitaremus
487 2037 660 2118 procellam,
686 2056 765 2101 uuus
790 2058 893 2102 servus
914 2041 1146 2119 Agamemnonis
1171 2039 1369 2118 interpellavit

289 2123 471 2205 trepidantes
485 2130 516 2185 et
527 2121 634 2203 ‘quid‘l
646 2121 710 2185 vos’
726 2124 824 2205 inquit
838 2122 980 2199 ‘nescitis
996 2125 1083 2187 hodie
1099 2125 1177 2205 apud
1194 2142 1282 2205 quem
1299 2122 1368 2185 liat?
1390 2136 1406 2185 a

289 2209 477 2285 Trimalchio,
501 2208 680 2272 lautissimus
695 2210 795 2284 homo,
819 2211 1006 2291 horologium
1028 2212 1059 2271 in
1079 2211 1209 2272 triclinio
1231 2220 1262 2272 et
1283 2211 1367 2272 buci-

288 2304 420 2358 natorem
442 2294 532 2356 babet
551 2294 759 2371 subornatum,
783 2306 816 2358 ut
837 2296 965 2359 subinde
985 2298 1068 2370 sciat,
1092 2305 1235 2376 quantum
1261 2295 1367 2357 devita

288 2380 468 2461 perdiderit’.
512 2380 668 2444 amicimur
687 2400 759 2462 ergo
782 2382 941 2463 diligenter
962 2382 1045 2443 obliti
1061 2383 1195 2444 omnium
1212 2382 1368 2457 malorum,
1391 2394 1419 2443 10

254 2472 319 2529 oet
330 2466 441 2530 Gitona
456 2465 651 2531 libentissime
666 2468 772 2529 servile
788 2469 918 2530 cilicium
934 2477 1068 2530 tuentem
1088 2487 1184 2547 usque
1206 2468 1264 2529 hcc
1284 2468 1366 2529 iube·

288 2569 351 2616 mus
365 2552 397 2614 in
415 2552 520 2614 balnea
536 2553 631 2633 sequi.
676 2572 732 2615 nos
746 2554 866 2615 interim
882 2554 978 2616 vestiti
994 2571 1093 2614 errare
1109 2554 1263 2633 coepimus
1375 2551 1417 2621 27

287 2637 375 2701 immo
398 2638 492 2700 iocari
511 2640 603 2719 magis
624 2646 655 2700 et
676 2639 796 2701 circulis
814 2634 989 2724 [ludentem]
1007 2638 1158 2713 accedere,
1182 2657 1249 2699 cum
1265 2638 1364 2700 subito

245 2720 294 2808 llll
314 2724 449 2787 vitemus
469 2742 574 2787 senem
592 2724 717 2801 calvum,
739 2725 842 2787 tunica
863 2725 999 2786 vestitum
1022 2742 1135 2799 russea,
1156 2725 1235 2785 inter
1255 2742 1366 2804 pueros

288 2809 439 2891 capillatos
459 2809 611 2872 ludentem
633 2812 702 2891 pila.
748 2829 804 2872 nec
825 2821 885 2872 tam
905 2811 990 2891 pueri
1013 2829 1080 2891 nos,
1103 2828 1280 2891 quamquam
1304 2819 1368 2871 erat
1388 2824 1402 2873 2

252 2901 273 2953 ta
291 2897 552 2977 operaepretium,
573 2896 609 2958 ad
630 2898 832 2977 spectaculum
847 2897 1004 2970 duxerant,
1026 2914 1114 2975 quam
1136 2896 1200 2977 ipse
1222 2906 1308 2976 pater
1321 2897 1365 2957 la-

287 2981 393 3056 miliae,
409 2982 461 3061 quai
477 2981 606 3045 soleatus
623 2983 682 3062 pila
697 2984 817 3063 pmice
833 2982 1037 3045 exercebatur.
1079 3001 1136 3043 nec
1155 2982 1282 3062 amplius
1303 3000 1367 3043 eam

286 3066 440 3148 repetebat
462 3084 538 3147 quae
557 3076 666 3130 terram
687 3068 864 3148 contigerat,
887 3069 937 3131 sed
966 3068 1065 3129 lollem
1093 3068 1214 3147 plenum
1241 3067 1370 3129 habehat

207 3159 211 3200 :
285 3171 387 3215 seruus
408 3152 636 3235 sufficiebatque
655 3153 837 3217 ludentibus.
883 3155 1049 3216 notavimus
1076 3154 1164 3215 etiam
1191 3171 1240 3215 res
1267 3172 1368 3216 novas.
1392 3170 1407 3217 3

287 3255 352 3300 nam
370 3238 432 3300 duo
446 3238 595 3320 spadones
610 3240 641 3301 in
656 3240 770 3302 diversa
786 3248 870 3320 parte
886 3239 988 3301 circuli
1005 3239 1132 3313 stabant,
1149 3257 1277 3318 quorum
1294 3239 1369 3300 alter

249 3332 271 3383 ab
288 3324 435 3387 matellam
449 3324 573 3386 tenebat
586 3333 766 3405 argenteam,
782 3326 857 3387 alter
872 3325 1048 3387 numerabat
1062 3324 1146 3406 pilas,
1169 3343 1231 3385 non
1248 3325 1367 3404 quidem

287 3427 335 3473 eas
350 3426 430 3490 quae
444 3409 525 3471 inter
539 3427 645 3473 manus
659 3411 725 3473 lusu
743 3411 910 3493 expellente
925 3409 1091 3484 vibrabant,
1112 3410 1164 3471 sed
1180 3430 1229 3471 eas
1245 3429 1320 3489 quae
1337 3411 1366 3472 in

255 3504 395 3558 acerram
414 3495 602 3558 decidebant.
632 3515 700 3558 cum
716 3498 768 3559 has
787 3516 860 3577 ergo
883 3498 1060 3559 miraremur
1082 3497 1218 3571 lautitias,
1238 3493 1244 3579 Ι
1264 3515 1368 3557 accur·
1391 3517 1405 3566 4

283 3582 321 3643 rit
334 3580 490 3644 llenelaus
505 3590 536 3643 et
550 3583 608 3645 ‘hic
623 3582 678 3644 est'
699 3584 798 3662 inquit
819 3583 907 3663 ‘apud
924 3602 1012 3663 quem
1029 3582 1162 3644 cubitum
1186 3583 1315 3662 ponetis,
1338 3593 1367 3643 et

284 3667 403 3747 quidem
419 3666 478 3728 iam
493 3668 674 3748 principium
690 3688 782 3730 cenae
797 3668 921 3731 videtis'.
968 3678 997 3729 et
1022 3670 1078 3729 iam
1103 3688 1164 3730 non
1188 3667 1367 3747 loquebatur
1389 3688 1404 3737 5

227 3760 268 3820 tta
287 3753 438 3816 Menelaus
459 3771 527 3815 cum
546 3753 552 3839 Ι
572 3754 751 3816 Trimalchio
767 3755 875 3835 digitos
890 3755 1076 3834 concrepuit,
1098 3757 1133 3815 ad
1150 3753 1229 3835 quod
1246 3754 1364 3832 signum

285 3839 432 3901 matellam
451 3839 544 3919 spado
564 3839 679 3902 ludenti
699 3838 835 3902 subiecit.
881 3851 1040 3902 exonerata
1065 3840 1115 3901 ille
1136 3840 1231 3901 vesica
1257 3857 1364 3918 aquam
1387 3860 1402 3908 6

283 3924 421 4005 poposcit
446 3925 481 3986 ad
505 3943 619 4000 manus,
650 3926 818 4006 digitosque
844 3926 1010 4007 paululum¹
1025 3926 1182 4006 adspersos
1207 3925 1238 3985 in
1266 3926 1363 4005 capite

283 4010 368 4090 pueri
383 4008 480 4073 tersit.

366 4147 383 4200 8
402 4145 539 4197 haeserant
559 4144 569 4212 l
593 4146 625 4199 12
641 4144 813 4195 rendendum
830 4147 858 4197 et
874 4144 1022 4211 expectatio
1040 4146 1096 4195 nisi
1113 4146 1178 4196 baec
1202 4147 1364 4211 epitomator

282 4214 389 4267 addidit
437 4216 471 4267 20
489 4213 539 4267 hoc
555 4214 709 4265 mutilatum
726 4212 856 4282 uideturll
877 4216 907 4266 at
929 4213 1022 4266 balneo
1035 4212 1045 4280 Ι
1059 4214 1091 4265 26
1109 4213 1169 4280 quia
1189 4214 1215 4263 H
1223 4215 1233 4281 l
1247 4216 1280 4267 32
1300 4229 1363 4281 ergo

283 4298 330 4335 aaa.
343 4282 389 4350 bl
420 4284 437 4336 4
455 4281 516 4351 quid
533 4281 586 4334 iam
600 4280 606 4350 Ι
621 4282 761 4335 etiamnum
780 4281 933 4347 Schefferau
943 4282 958 4352 l
968 4283 1003 4335 bb
1019 4282 1165 4350 supposuit
1180 4281 1205 4333 L

1191 4365 1233 4419 (ὶῆ-
