3417 4934
393 432 434 493 64
853 433 1008 489 ruruouu

393 610 497 672 vimus.
531 627 598 671 uam
613 609 639 672 si
653 608 759 688 aliquis
774 627 810 670 cx
825 609 860 681 is,
883 609 934 688 qui
952 608 983 670 in
999 608 1103 670 eodem
1119 606 1259 689 synoecio
1275 615 1393 688 potant,
1415 616 1492 673 nol

394 715 463 757 men
486 704 592 775 poetae
615 694 762 768 olfecerit,
785 703 877 756 totam
895 693 1059 756 concitabit
1074 693 1212 755 viciniam
1233 701 1264 755 et
1287 712 1344 756 nos
1367 713 1466 759 omnes

393 780 449 844 sub
465 780 565 842 eadem
581 798 669 843 causa
685 781 801 842 obruet.
831 781 973 842 miserere
989 789 1019 842 et
1033 786 1084 840 aut
1098 780 1325 860 pinacothecam
1341 788 1395 843 aut
1409 780 1465 843 bal·

356 878 371 927 t
394 886 484 929 neum
502 864 617 946 cogita!
654 867 697 928 sic
718 884 766 927 me
788 866 971 947 loquentem.
986 865 1152 945 obiurgavit
1174 864 1273 942 Giton,
1295 865 1466 930 mitissimus

393 971 476 1033 puer,
496 960 526 1013 et
541 952 659 1031 negavit
673 960 754 1014 reete
770 953 878 1023 facere,
900 952 979 1031 quod
995 951 1106 1014 seniori
1122 950 1307 1013 conviciarer
1320 952 1465 1033 simulque
1479 964 1490 1016 t

393 1037 503 1100 oblitus
519 1037 610 1098 officii
625 1055 771 1112 mensam,
791 1056 879 1117 quam
895 1036 1077 1100 humanitate
1091 1036 1273 1118 posuissem,
1289 1038 1466 1101 contumelia
1506 1103 1507 1122 ,

392 1124 537 1198 tollerem,
552 1124 704 1203 multaque
718 1123 773 1185 aba
788 1123 1000 1186 moderationis
1012 1122 1268 1201 verecundiaeque
1279 1122 1381 1199 verba,
1397 1142 1467 1205 quae
1504 1125 1507 1148 “

393 1210 519 1272 formam
535 1209 598 1270 eius
614 1208 732 1289 egregie
747 1208 894 1271 decebant

927 1316 944 1354 t
1506 1347 1507 1354 ,

342 1376 386 1446 94
481 1376 534 1463 l‘o
550 1378 675 1442 felicem’
696 1380 794 1460 inquit
808 1384 943 1442 ‘matrem
963 1387 1059 1452 tuam,
1080 1396 1157 1458 quae
1176 1385 1207 1439 te
1228 1378 1317 1441 talem
1339 1380 1506 1462 peperitzu

395 1473 489 1528 macte
505 1466 613 1528 virtute
628 1473 702 1528 esto.
740 1483 836 1527 raram
851 1466 925 1527 fecit
939 1465 1096 1527 mixturam
1120 1482 1187 1526 cum
1204 1464 1351 1545 sapientia
1365 1467 1467 1529 forma.
1482 1477 1502 1530 tt

357 1563 371 1612 2
393 1552 494 1632 itaque
510 1569 549 1613 ue
564 1558 651 1633 putes
667 1561 697 1613 te
712 1559 757 1613 tot
771 1550 861 1613 verba
873 1550 1046 1631 perdidisse,
1062 1558 1225 1612 amatorem
1237 1550 1387 1614 invenisti.
1417 1571 1467 1633 ego

394 1637 496 1700 laudes
510 1646 576 1699 tuas
591 1636 772 1699 carminibus
783 1636 924 1717 implebo.
951 1655 1006 1716 ego
1022 1636 1210 1716 paedagogus
1225 1644 1255 1697 et
1269 1644 1371 1700 custos
1385 1638 1468 1701 ctiam

396 1742 455 1803 quo
472 1741 534 1783 non
550 1722 681 1796 iusseris,
697 1741 815 1801 sequar.
846 1741 905 1784 nec
919 1720 1058 1783 iniuriam
1072 1720 1235 1801 Encolpius
1250 1722 1369 1803 accipit,
1384 1723 1468 1785 alium

358 1820 373 1868 3
395 1806 491 1869 amat.’
528 1808 642 1888 profuit
657 1808 743 1870 ctiam
760 1807 908 1887 Eumolpo
924 1808 1009 1869 miles
1027 1807 1091 1881 ille,
1114 1807 1165 1888 qui
1187 1806 1260 1869 mibi
1275 1806 1399 1871 abstulit
1412 1808 1470 1890 gla-

396 1893 494 1967 dium;
525 1892 656 1972 alioquin
684 1912 772 1973 quem
795 1893 928 1955 animum
950 1893 1089 1955 adversus
1111 1893 1252 1973 Ascylton
1276 1905 1505 1975 sumpseramu

396 1997 463 2041 eum
480 1979 510 2040 in
528 1978 667 2059 Eumolpi
679 1979 857 2059 sanguinem
869 1978 1079 2043 exercuissem.
1102 1996 1160 2041 nec
1171 1978 1344 2042 lelellitboc
1356 1980 1469 2043 Gitona.

359 2077 373 2126 t
394 2065 493 2143 itaque
509 2072 591 2125 extra
607 2065 711 2127 cellam
726 2065 888 2146 processit,
906 2074 1047 2145 tanquam
1064 2081 1171 2143 aquam
1187 2071 1316 2144 peteret,
1338 2066 1470 2146 iramque

358 2162 373 2211 5
396 2169 490 2213 meam
513 2151 652 2231 prudenti
674 2150 806 2213 absentia
824 2150 960 2213 extinxit.
997 2150 1151 2230 paululum
1172 2168 1243 2230 ergo
1267 2149 1470 2232 intepescente

395 2236 513 2299 saevitia
536 2234 701 2316 ‘Eumolpe’
724 2237 846 2315 inquam
869 2236 937 2298 ‘iam
960 2236 1038 2297 malo
1059 2237 1104 2297 vel
1126 2233 1310 2297 carminibus
1330 2237 1470 2317 loquaris,

396 2340 485 2402 quam
501 2321 645 2383 eiusmodi
667 2321 721 2383 tibi
738 2330 806 2384 vota
820 2340 983 2402 proponas.
1021 2330 1050 2383 et
1074 2341 1130 2403 ego
1153 2321 1314 2383 iracundus
1335 2342 1422 2405 sum,
1443 2332 1507 2386 cti

357 2421 372 2470 6
394 2417 427 2469 tu
448 2406 639 2470 libidinosus:
663 2407 744 2489 vide,
768 2426 855 2487 quam
879 2427 940 2470 non
965 2408 1123 2471 conveniat
1143 2407 1189 2469 his
1212 2406 1356 2471 moribus.
1402 2416 1470 2490 puta

395 2492 486 2573 igitur
499 2511 547 2555 me
569 2493 714 2555 luriosum
730 2513 805 2567 esse,
829 2493 901 2555 cede
916 2493 1059 2569 insaniae,
1082 2494 1110 2555 id
1133 2503 1178 2555 est
1199 2492 1283 2554 ocius
1297 2495 1379 2557 toras
1401 2492 1470 2557 cxi’.

357 2592 372 2641 t
394 2575 400 2664 Ι
417 2580 562 2641 confusus
576 2579 632 2642 hac
647 2579 875 2642 denuntiatione
889 2579 1054 2661 Eumolpus
1076 2598 1136 2641 non
1159 2578 1285 2658 quaesiit
1299 2579 1502 2648 iracundiuel

396 2684 531 2740 causam,
554 2666 606 2728 sed
629 2666 773 2728 contiuuo
796 2666 887 2727 limen
912 2683 1049 2745 egressus
1071 2666 1193 2727 adduxit
1214 2674 1339 2744 repente
1363 2666 1470 2729 ostium

395 2752 486 2814 cellas
502 2769 608 2831 meque
626 2751 699 2813 nihil
719 2752 778 2813 tale
793 2759 998 2831 expectantem
1021 2750 1157 2825 inclusit,
1179 2750 1347 2830 exemitque
1363 2752 1470 2834 raptim
1487 2760 1508 2813 at

396 2836 505 2899 elavem
522 2845 551 2898 et
566 2837 600 2898 ad
616 2835 725 2898 Gitona
740 2836 977 2916 investigandum
993 2836 1136 2898 cucurrit.

358 2931 373 2981 8
480 2921 614 2984 inclusus
629 2940 685 3000 ego
701 2921 863 3002 suspendio
878 2921 967 2982 vitam
983 2922 1070 2983 linire
1086 2920 1236 2984 constitui.
1266 2929 1296 2981 et
1310 2920 1368 2981 iam
1384 2920 1472 2984 semi·

396 3006 506 3069 cinctio
527 3006 594 3069 lectt·
612 3007 718 3069 stantis
739 3007 774 3067 ad
789 3006 935 3087 parietem
955 3007 1099 3087 spondam
1114 3007 1266 3069 vinxeram
1281 3006 1472 3087 cervicesque

397 3092 476 3153 nodo
492 3092 668 3167 condebam,
688 3110 756 3153 cum
772 3093 911 3154 reseratis
926 3091 1041 3155 loribus
1056 3093 1146 3155 intrat
1158 3092 1322 3172 Eumolpus
1337 3109 1407 3154 cum
1424 3092 1472 3156 Gi·

358 3186 373 3236 9
394 3185 466 3238 tone
480 3195 587 3257 meque
602 3196 617 3237 a
634 3176 713 3239 fatali
728 3178 786 3238 iam
802 3186 880 3240 meta
895 3187 1013 3240 revocat
1024 3179 1059 3240 ad
1071 3178 1178 3241 lucem.
1209 3178 1298 3240 Giton
1311 3178 1472 3259 praecipuo
1488 3187 1508 3241 a

396 3281 432 3324 ex
447 3262 550 3324 dolore
567 3262 598 3324 in
613 3262 727 3325 rabiem
742 3264 882 3327 efferatus
897 3263 975 3325 tollit
989 3264 1159 3336 clamorem,
1174 3282 1223 3326 me
1237 3273 1365 3342 utraque
1380 3281 1471 3326 manu

345 3357 373 3407 10
394 3348 555 3429 impulsum
576 3348 752 3429 praecipitat
771 3368 864 3431 super
883 3349 1007 3424 lectum,
1031 3347 1130 3412 ‘erras’
1152 3350 1250 3431 inquit
1272 3347 1426 3427 ‘Encolpi,
1449 3349 1472 3411 si

396 3444 483 3515 putas
499 3434 673 3513 contingere
697 3454 799 3515 posse,
823 3445 857 3498 ut
879 3444 949 3497 ante
970 3435 1117 3498 moriaris.
1157 3438 1239 3516 prior
1258 3434 1362 3514 eoepi;
1384 3433 1418 3496 in
1434 3434 1472 3496 Δ·

345 3531 372 3581 11
395 3519 479 3601 scylti
494 3520 623 3600 bospitio
640 3520 768 3600 gladium
785 3521 925 3601 quaesivi.
962 3540 1018 3600 ego
1033 3523 1058 3583 si
1073 3532 1179 3584 te'non
1196 3519 1387 3594 invenissem,
1404 3538 1473 3601 por·

396 3606 493 3691 iturus
514 3623 570 3686 per
590 3605 764 3687 praecipitia
781 3607 832 3669 lui.
870 3616 899 3669 et
914 3617 948 3670 ut
969 3608 1045 3670 scias
1061 3626 1123 3670 non
1139 3609 1228 3687 longo
1243 3625 1307 3669 esse
1324 3623 1473 3685 quaeren·
1491 3617 1508 3670 3

346 3702 373 3753 12
394 3690 475 3754 tibus
489 3700 626 3768 mortem,
648 3702 748 3771 specta
765 3692 902 3773 invicem,
925 3695 1006 3773 quod
1021 3713 1068 3756 me
1083 3701 1219 3774 spectare
1232 3689 1370 3754 voluisti’.
1401 3691 1474 3755 hacc

396 3778 513 3841 locutus
528 3777 737 3839 mercennario
752 3778 892 3860 Eumolpi
913 3781 1085 3841 novaculam
1101 3779 1179 3860 rapit
1198 3787 1228 3840 et
1243 3778 1335 3842 semel
1349 3777 1474 3841 iterum·

345 3873 373 3925 1a
396 3882 455 3944 que
470 3864 585 3926 cervice
600 3880 741 3944 percussa
753 3874 823 3927 ante
837 3865 929 3946 pedes
941 3865 1099 3928 collabitur
1110 3874 1241 3930 nostros.
1268 3863 1403 3925 exclamo
1418 3881 1474 3945 ego

482 4088 492 4135 l
514 4087 624 4149 aspecto
643 4087 669 4135 te
688 4082 813 4150 olfecerit,
831 4091 963 4139 momento
974 4090 1053 4138 totam
1066 4084 1076 4151 Ι
1090 4082 1206 4136 {leodem
1217 4098 1278 4136 casu
1290 4081 1476 4154 Segebadtusl

394 4154 411 4204 9
427 4155 613 4219 praepositum
630 4151 771 4220 Eumolpus
789 4152 822 4206 ad
839 4152 981 4222 Gitonenq
998 4158 1028 4208 13
1046 4168 1106 4206 eum
1136 4169 1187 4205 om.
1204 4153 1269 4204 libri
1284 4153 1408 4218 plerique
1420 4152 1430 4221 Ι
1442 4154 1475 4206 30

395 4220 497 4273 tramite
514 4220 649 4289 labatur!
678 4222 709 4274 31
729 4218 847 4282 fortasse
864 4222 977 4291 dumque
994 4238 1035 4276 me
1047 4222 1058 4291 Ι
1070 4224 1103 4276 33
1122 4227 1182 4274 ante
1200 4236 1241 4274 me
1259 4219 1384 4275 Nodctua
