3417 4934
647 450 790 507 Putares
1197 454 1257 515 151

694 623 744 685 LV

284 725 411 789 Credere
428 727 495 808 quis
511 726 630 808 possit?
645 726 751 789 falcem
769 746 891 808 quoque
905 762 949 775 -
963 739 1052 812 turpe
1067 731 1153 793 fateri
1168 764 1212 775 -

326 812 362 874 de
376 812 477 894 digitis
492 812 577 875 fures
591 812 767 893 surripuere
782 813 867 877 meis.

284 916 341 959 nec
354 908 455 960 movet
468 898 571 961 amissi
584 906 645 959 tam
661 916 711 960 mc
725 897 840 960 iactura
856 899 1025 981 pudorque,

326 1001 414 1064 quam
430 983 579 1065 praebent
592 983 687 1046 iustos
702 983 795 1046 altera
809 985 868 1046 tela
885 995 997 1049 metus:

284 1086 359 1148 quac
373 1069 399 1131 si
413 1068 696 1150 perducemini
711 1068 860 1145 mutabor,
876 1079 907 1132 ct
922 1071 993 1133 olirn
1202 1081 1223 1132 t

325 1154 375 1216 ille
389 1165 460 1217 tuus
475 1154 559 1233 civis,
573 1154 745 1235 lampsaco,
762 1154 863 1218 Gallus
878 1174 940 1218 ero.

690 1290 753 1351 LVI

281 1391 405 1454 Derides
420 1409 554 1472 quoque,
569 1392 628 1465 fur,
643 1402 674 1454 et
688 1392 872 1473 impudicum

283 1478 416 1540 ostendis
430 1477 559 1557 digitum
576 1477 646 1539 mihi
662 1476 812 1540 minanti?

282 1563 358 1624 eheu
373 1581 421 1624 me
436 1564 591 1637 miserum,
608 1564 687 1643 quod
703 1562 758 1625 ista
772 1564 888 1644 lignum
904 1571 960 1643 est,

283 1666 357 1727 quac
372 1666 421 1710 me
436 1646 601 1710 terribilem
617 1648 689 1710 facit
703 1649 806 1710 videri.

282 1732 429 1795 mandabo
445 1734 569 1796 domino
586 1743 685 1795 tamen
701 1734 801 1809 salaci,

282 1828 314 1881 ut
328 1838 384 1899 pro
400 1838 449 1881 me
464 1819 535 1880 velit
550 1818 696 1881 irrumare
710 1820 803 1883 fures.

684 1955 762 2018 [ΝΠ

282 2054 391 2118 Cornix
407 2065 437 2117 et
452 2058 547 2119 caries
562 2067 707 2138 vetusque
722 2058 853 2133 bustum,

280 2140 368 2203 turba
383 2142 486 2222 putida
501 2144 578 2204 facta
594 2143 792 2227 sacculorum,

281 2245 358 2306 quae
373 2228 475 2289 forsan
491 2228 641 2308 potuisset
655 2247 721 2290 esse
739 2230 841 2290 nutrix

280 2311 404 2374 Tithoni
419 2313 589 2392 Priamique
604 2313 809 2394 Nestorisque,

281 2396 338 2460 illis
352 2397 384 2458 ni
400 2398 503 2478 pueris
518 2417 593 2460 anus
609 2399 723 2473 fuisset,

281 2502 319 2545 ne
334 2482 429 2544 desim
444 2482 513 2557 sibi,
529 2500 577 2543 mo
592 2493 688 2562 rogat,
703 2485 830 2545 fututor.

281 2568 352 2648 quid
367 2568 392 2630 si
409 2587 493 2631 nunc
508 2576 606 2649 roget,
621 2577 656 2630 ut
669 2569 769 2650 puella
784 2566 855 2629 fiat?

666 2691 771 2699 ..n-m.—

280 2739 303 2800 si
320 2757 459 2802 nummos
474 2750 580 2801 tamen
592 2739 665 2802 haec
680 2740 779 2815 habet,
794 2740 893 2821 puella
908 2748 963 2801 est.

674 2874 766 2938 LVIII

278 2975 460 3055 Quicunque
475 2986 609 3039 nostram
623 2979 673 3039 fur
687 2979 825 3041 fefellerit
840 2994 953 3053 curam,

279 3061 450 3124 effeminato
465 3061 614 3124 terminet
627 3064 734 3144 procul
750 3064 835 3147 culo;

279 3164 415 3226 quaeque
430 3147 480 3209 hic
494 3157 635 3229 proterva
650 3150 795 3230 carpserit
810 3168 903 3211 manu
917 3166 1008 3232 poma

278 3232 386 3314 puella,
401 3231 518 3295 nullum
535 3234 667 3315 reperiat
680 3236 855 3298 fututorem.

665 3370 770 3433 uultu
811 3428 814 3432 .

278 3470 467 3534 Praedictum
483 3472 539 3534 tibi
555 3490 595 3535 ne
609 3490 719 3551 negare
735 3471 846 3551 possis:

278 3556 303 3619 si
319 3557 368 3619 fur
383 3556 510 3632 veneris,
527 3557 696 3637 impudicus
710 3558 781 3619 eris.

691 3709 742 3771 LX

277 3828 309 3890 Si
326 3838 400 3909 quot
413 3788 507 3891 habes
521 3845 637 3903 versus,
649 3838 697 3916 tot
712 3828 840 3892 haberes
854 3846 954 3911 poma,
970 3828 1084 3910 Priape,

320 3932 401 3977 esses
415 3914 541 3994 antIquo
557 3914 647 3976 ditior
662 3913 799 3978 Alcinoo.

231 4050 441 4167 *tt—vipoun
453 4098 583 4168 plerique
597 4098 602 4167 Ι
618 4100 689 4153 dne
706 4102 759 4152 ian
776 4097 846 4166 alfii
862 4098 1021 4152 lmnllabcr
1036 4099 1158 4166 plerique
1169 4095 1181 4165 Ι
1192 4094 1258 4149 tvu

231 4166 269 4221 sit
281 4167 362 4235 volgo
368 4166 386 4291 1
398 4170 415 4224 8
426 4166 533 4221 mat
544 4165 788 4236 amirmulin!
799 4171 812 4222 1
827 4169 925 4231 annm]
936 4165 1014 4219 fldem
1025 4166 1148 4234 plerique
1162 4165 1168 4231 Ι
1182 4164 1258 4219 tim·

231 4235 356 4305 riprocnl
386 4235 540 4291 ullamne
555 4233 751 4306 Intuemini,
760 4233 851 4290 lullo
867 4232 1165 4305 Baedrcmt‘mlLVIIII
1176 4236 1194 4287 2
1205 4233 1257 4287 erit
