3417 4934
697 486 700 493 '
718 474 873 530 SATVRAE
1292 475 1334 533 43

220 656 246 706 11
341 668 399 712 neo
415 668 477 712 non
493 649 673 712 Trimalchio
696 650 760 731 ipse
781 669 850 712 cum
865 649 1015 714 tubicines
1036 663 1115 715 esset
1135 651 1276 725 imitatus,
1298 651 1333 712 ad

252 735 376 798 delicias
397 753 466 798 suas
487 737 627 816 respexit,
650 754 739 816 quem
759 735 900 797 Croesum
925 737 1100 818 appellabat.
1137 756 1214 818 puer
1233 744 1331 798 autem
1353 746 1369 795 t

252 821 364 903 lippus,
380 821 589 885 sordidissimis
607 822 756 895 dentibus,
779 821 912 883 catellam
925 822 1040 901 nigram
1056 832 1145 904 atque
1160 823 1335 884 indecenter

253 909 399 989 pinguem
414 908 534 988 prasina
554 906 721 970 involvebat
741 908 831 969 fascia
848 925 1018 988 panemque
1037 909 1189 971 semissem
1204 907 1336 989 ponebat

216 1004 230 1053 a
252 1011 346 1074 super
360 1001 461 1054 torum
476 1000 566 1073 atque
583 987 661 1078 [hac]
680 1011 789 1055 nausea
809 1001 997 1055 recusantem
1012 994 1175 1074 saginabat.
1206 1012 1266 1074 quo
1281 994 1332 1055 ad·
1354 1004 1369 1053 ‘t

251 1078 388 1142 monitus
411 1078 502 1140 offleii
523 1078 703 1140 Trimalchio
726 1078 878 1160 Scylacem
902 1079 988 1141 iussit
1008 1079 1115 1141 adduci
1137 1079 1334 1159 ‘praesidium

251 1166 362 1227 domus
382 1162 590 1244 familiaeque'.
632 1182 688 1225 neo
710 1182 810 1237 mora,
834 1164 966 1244 ingentis
988 1165 1102 1226 iormae
1125 1165 1269 1227 adductus
1291 1173 1337 1226 est

253 1250 336 1312 oanis
359 1259 466 1311 catena
488 1250 620 1324 rinctus,
646 1248 875 1329 admonitusque
897 1250 1009 1311 ostiarii
1031 1249 1125 1326 calce,
1148 1258 1182 1313 ut
1202 1249 1336 1325 cubaret,

254 1343 323 1398 ante
345 1352 479 1397 mensam
504 1354 537 1397 se
559 1335 669 1416 posuit.
701 1345 765 1396 tum
781 1334 961 1396 Trimalchio
979 1336 1093 1398 iactans
1109 1335 1267 1398 candidum
1283 1354 1334 1416 pa·
1355 1344 1371 1394 8

205 1428 230 1480 tt
251 1438 321 1483 nem
345 1419 455 1482 ‘nemo'
478 1421 576 1500 inquit
598 1420 639 1481 ‘in
662 1420 753 1481 domo
775 1438 839 1481 mea
864 1439 911 1481 me
935 1422 1001 1499 plus
1024 1421 1121 1483 amat’.
1162 1420 1335 1501 indignatus
1356 1429 1371 1480 9

253 1524 341 1586 puer,
357 1505 438 1586 quod
454 1506 607 1587 Scylacem
622 1515 683 1568 tam
699 1506 792 1567 eliuse
807 1505 947 1580 laudaret,
963 1507 1097 1568 catellam
1112 1508 1143 1568 in
1159 1516 1270 1568 terram
1284 1506 1336 1568 de-

253 1591 357 1673 posuit
371 1592 566 1671 bortntusque
582 1602 631 1667 ost,
654 1601 689 1653 ut
703 1591 738 1652 ad
754 1592 847 1652 rixam
864 1602 1050 1671 properaret.
1088 1592 1204 1673 Scylax,
1227 1592 1336 1653 canino

253 1675 370 1740 scilicet
384 1694 457 1739 usus
472 1676 605 1757 ingenio,
621 1677 792 1739 taeterrimo
808 1676 915 1738 latratu
930 1677 1094 1740 triclinium
1110 1677 1243 1758 implevit
1258 1677 1336 1738 Mar-

257 1763 444 1843 garitamque
467 1761 569 1824 Croesi
591 1780 687 1842 paene
710 1762 856 1824 laceravit.
895 1782 952 1824 nec
974 1763 1053 1825 intra
1075 1764 1169 1825 rixam
1191 1764 1337 1825 tumultus
1359 1772 1387 1821 to

206 1858 233 1908 to
253 1848 401 1923 constitit,
422 1846 475 1910 sed
491 1846 704 1910 oandelabmm
725 1848 812 1909 etiam
833 1866 926 1928 super
945 1866 1078 1910 mensam
1094 1867 1230 1911 eversum
1246 1858 1276 1910 et
1288 1867 1337 1909 ra·

253 1952 285 1997 sa
301 1932 403 1996 omnia
420 1933 589 2013 crystallina
606 1933 783 1995 comminuit
803 1942 833 1995 et
848 1933 914 1995 oleo
930 1934 1057 1996 ferventi
1072 1935 1186 2014 aliquot
1200 1934 1338 1996 convivas

253 2019 408 2100 respersit.
441 2018 620 2081 Trimalchio
639 2038 677 2080 ne
690 2018 841 2081 videretur
862 2019 974 2081 iactura
995 2029 1104 2094 motus,
1127 2019 1248 2082 basiavit
1262 2039 1336 2100 pue·
1360 2029 1387 2079 11

255 2123 321 2167 rum
344 2123 379 2166 ac
395 2104 481 2167 iussit
502 2123 594 2186 super
608 2105 729 2167 dorsum
750 2104 912 2167 ascendere
927 2124 1025 2167 suum.
1064 2125 1126 2167 non
1142 2113 1273 2167 moratus
1288 2105 1337 2166 ille
1360 2114 1387 2163 12

258 2210 329 2254 usus
344 2200 386 2252 ert
400 2208 479 2269 equo
495 2208 646 2270 manuque
667 2190 756 2271 plena
780 2190 916 2270 scapulas
938 2190 1002 2253 eius
1020 2190 1148 2253 subinde
1163 2191 1337 2265 verberavit,

208 2286 236 2337 to
256 2276 505 2355 interquerisum
521 2276 729 2357 proclamavit:
751 2271 865 2348 bucca,
886 2275 992 2348 bucca,
1012 2285 1087 2356 quot
1101 2287 1172 2339 sunt
1186 2275 1266 2339 hic‘l’
1289 2295 1337 2338 re·
1360 2285 1388 2335 13

255 2380 378 2444 pressus
406 2379 478 2441 ergo
501 2361 681 2442 aliquamdiu
704 2361 883 2423 Trimalchio
909 2363 1061 2424 camellam
1089 2362 1231 2442 grandem
1255 2362 1340 2424 iussit

255 2465 374 2510 mrsoerr

256 2533 398 2614 potiones
412 2531 502 2593 dividi
525 2531 666 2594 omnibus
681 2532 782 2608 servis,
807 2531 858 2611 qui
880 2530 916 2591 ad
936 2533 1028 2612 pedes
1050 2533 1203 2607 sedebant,
1225 2532 1339 2595 adiecta

257 2618 451 2699 exceptione:
468 2617 502 2679 ‘si
514 2616 591 2697 quis'
602 2618 701 2698 inquit
711 2618 852 2679 ‘noluerit
866 2617 1011 2698 accipere,
1028 2628 1117 2698 caput
1127 2618 1169 2680 illi
1181 2619 1338 2698 perfunde.

210 2713 237 2765 tt
258 2704 389 2767 interdiu
404 2721 515 2777 severa,
531 2722 614 2764 nunc
628 2702 752 2765 bilaria'.

344 2790 424 2851 banc
445 2789 660 2851 humanitatem
682 2790 834 2852 insecutae
849 2796 1075 2862 summouere,
1099 2807 1225 2868 quarum
1248 2790 1335 2850 etiam
1350 2784 1394 2852 65

259 2875 428 2938 recordatio
442 2892 501 2949 me,
523 2874 625 2953 siqua
645 2884 692 2937 est
705 2874 816 2937 dicenti
830 2874 914 2948 fides,
937 2874 1071 2938 offendit.
1108 2874 1241 2953 singulae
1257 2875 1337 2935 enim
1360 2885 1374 2934 2

260 2961 388 3042 gallinae
404 2959 498 3022 altiles
518 2978 575 3040 pro
596 2960 692 3022 turdis
714 2959 903 3022 circumlatae
919 2969 991 3021 sunt
1013 2968 1043 3021 ot
1063 2978 1115 3021 ova
1131 2961 1268 3023 anserina
1283 2959 1339 3041 pil·

260 3048 346 3122 leata,
369 3063 447 3126 quae
468 3053 502 3106 ut
524 3064 735 3120 comessemus,
757 3044 998 3108 ambitiosissime
1020 3065 1039 3107 o
1059 3046 1146 3108 nobis
1161 3046 1340 3107 Trimalchio

214 3148 242 3198 tt
262 3131 349 3213 petiit
371 3131 475 3193 dicens
490 3141 640 3194 exossatas
656 3150 720 3194 esse
736 3131 869 3210 gallinas.
907 3131 986 3191 inter
1008 3131 1080 3192 baec
1102 3130 1222 3193 triclinii
1244 3131 1375 3192 valvase

261 3218 350 3280 lictor
371 3216 528 3301 percussit,
549 3217 734 3296 amictusque
756 3225 837 3278 reste
857 3215 923 3278 alba
946 3234 1014 3277 cum
1037 3216 1152 3296 ingenti
1173 3217 1341 3296 frequentia

260 3303 439 3365 comissator
453 3302 582 3364 intravit.
619 3320 676 3382 ego
694 3302 846 3363 maiestate
862 3300 1042 3363 conterritus
1061 3310 1230 3381 praetorem
1254 3310 1341 3382 puta-
1361 3311 1376 3359 4

261 3388 329 3451 bam
339 3387 471 3450 venisse.
493 3386 593 3467 itaque
604 3388 744 3468 temptavi
756 3404 912 3467 assurgere
928 3394 958 3446 et
970 3387 1067 3449 nudos
1081 3388 1173 3467 pedes
1187 3388 1340 3449 interram

261 3475 392 3536 deferre.
428 3472 493 3535 risit
514 3472 592 3535 bano
614 3474 842 3554 trepidationem
865 3475 1069 3551 Agamemnon
1094 3481 1125 3534 et
1146 3474 1279 3535 ‘contine
1300 3474 1340 3535 te'
1362 3482 1376 3529 5

212 3571 241 3621 35
262 3559 362 3641 inquit
385 3557 485 3619 ‘bomo
507 3559 689 3621 stultissime.
729 3559 881 3621 Habinnas
902 3558 979 3619 sevir
1002 3566 1048 3619 est
1068 3558 1207 3638 idemque
1229 3559 1341 3640 lapida-

262 3646 334 3721 rius,
351 3644 404 3724 qui
418 3643 534 3705 ridetur
548 3655 743 3706 monumenta
759 3645 870 3725 optime
886 3642 1003 3706 lacere?

347 3738 500 3792 recreatus
515 3730 572 3792 boc
593 3749 732 3793 sermone
751 3728 872 3810 reposui
888 3727 1036 3802 cubitum,
1054 3727 1280 3809 Habinnamque
1294 3730 1341 3790 in·
1362 3735 1377 3785 6

262 3825 394 3879 mantem
417 3833 484 3877 oum
507 3815 703 3878 admiratione
728 3815 843 3896 ingenti
869 3813 1049 3894 spectabam.
1091 3814 1141 3875 ille
1163 3824 1261 3876 autem
1283 3815 1376 3876 iamt

263 3903 367 3965 ebrius
388 3900 491 3963 uxoris
510 3920 581 3964 suae
600 3901 712 3965 umeris
730 3902 913 3982 imposuerat
933 3919 1048 3976 manus,
1067 3910 1268 3980 oneratusque
1290 3900 1343 3962 ali·

350 4124 368 4175 4
385 4135 515 4173 semesum
532 4122 705 4173 Burmannus
717 4120 756 4189 [15
775 4118 825 4171 boc
842 4124 891 4169 aut
902 4118 968 4171 banc
981 4118 1212 4185 Hadrianidasld
1230 4117 1318 4171 cilicio
1335 4117 1346 4187 ll

267 4189 427 4312 {animi
445 4192 472 4242 et
489 4190 609 4257 potiones
631 4189 774 4243 Ammius.
807 4200 903 4239 vereor
919 4204 954 4239 ne
973 4187 1057 4254 ptura
1080 4187 1167 4238 desint
1189 4187 1199 4254 Ι
1223 4190 1257 4240 36
1274 4186 1344 4239 vide·
