<?xml version="1.0" encoding="UTF-8"?>
<!DOCTYPE html PUBLIC "-//W3C//DTD XHTML 1.0 Transitional//EN"
    "http://www.w3.org/TR/xhtml1/DTD/xhtml1-transitional.dtd">
<html xmlns="http://www.w3.org/1999/xhtml" xml:lang="en" lang="en">
 <head>
  <title>
</title>
<meta http-equiv="Content-Type" content="text/html;charset=utf-8" />
  <meta name='ocr-system' content='tesseract 3.04.00' />
  <meta name='ocr-capabilities' content='ocr_page ocr_carea ocr_par ocr_line ocrx_word'/>
</head>
<body>
  <div class='ocr_page' id='page_1' title='image "./petroniisaturae00varrgoog_0097.png"; bbox 0 0 3417 4934; ppageno 0'>
   <div class='ocr_carea' id='block_1_1' title="bbox 712 465 1448 584">
    <p class='ocr_par' dir='ltr' id='par_1_1' title="bbox 712 465 1448 584">
     <span class='ocr_line' id='line_1_1' title="bbox 712 465 1448 584; baseline 0.01 -29"><span class='ocrx_word' id='word_1_1' title='bbox 712 500 869 556; x_wconf 75' lang='lat' dir='ltr'><strong>servulo</strong></span> <span class='ocrx_word' id='word_1_2' title='bbox 1195 465 1199 471; x_wconf 62' lang='grc'><strong>’</strong></span> <span class='ocrx_word' id='word_1_3' title='bbox 1288 502 1330 565; x_wconf 83' lang='lat' dir='ltr'><strong>es</strong></span> <span class='ocrx_word' id='word_1_4' title='bbox 1446 580 1448 584; x_wconf 7' lang='grc' dir='ltr'>ἲ</span> 
     </span>
    </p>
   </div>
   <div class='ocr_carea' id='block_1_2' title="bbox 201 671 1399 1760">
    <p class='ocr_par' dir='ltr' id='par_1_2' title="bbox 201 671 1399 1760">
     <span class='ocr_line' id='line_1_2' title="bbox 207 671 1364 754; baseline 0.001 -18"><span class='ocrx_word' id='word_1_5' title='bbox 207 682 230 736; x_wconf 76' lang='lat' dir='ltr'><strong>d</strong></span> <span class='ocrx_word' id='word_1_6' title='bbox 246 678 392 754; x_wconf 79' lang='lat' dir='ltr'><strong>tanquam</strong></span> <span class='ocrx_word' id='word_1_7' title='bbox 406 673 438 736; x_wconf 88' lang='lat' dir='ltr'><strong>in</strong></span> <span class='ocrx_word' id='word_1_8' title='bbox 454 671 623 753; x_wconf 77' lang='lat' dir='ltr'><strong>pestilentia</strong></span> <span class='ocrx_word' id='word_1_9' title='bbox 638 690 770 753; x_wconf 87' lang='lat' dir='ltr'><strong>campos,</strong></span> <span class='ocrx_word' id='word_1_10' title='bbox 785 673 816 735; x_wconf 92' lang='lat' dir='ltr'><strong>in</strong></span> <span class='ocrx_word' id='word_1_11' title='bbox 833 674 943 753; x_wconf 89' lang='lat' dir='ltr'><strong>quihus</strong></span> <span class='ocrx_word' id='word_1_12' title='bbox 964 674 1038 737; x_wconf 87' lang='lat' dir='ltr'><strong>nihil</strong></span> <span class='ocrx_word' id='word_1_13' title='bbox 1053 676 1130 737; x_wconf 92' lang='lat' dir='ltr'><strong>aliud</strong></span> <span class='ocrx_word' id='word_1_14' title='bbox 1147 686 1193 739; x_wconf 91' lang='lat' dir='ltr'><strong>est</strong></span> <span class='ocrx_word' id='word_1_15' title='bbox 1208 676 1265 739; x_wconf 91' lang='lat' dir='ltr'><strong>nisi</strong></span> <span class='ocrx_word' id='word_1_16' title='bbox 1280 695 1330 738; x_wconf 88' lang='lat' dir='ltr'><strong>ca·</strong></span> <span class='ocrx_word' id='word_1_17' title='bbox 1346 691 1364 701; x_wconf 77' lang='lat'><strong>&#39;·</strong></span> 
     </span>
     <span class='ocr_line' id='line_1_3' title="bbox 248 758 1051 843; baseline -0.001 -21"><span class='ocrx_word' id='word_1_18' title='bbox 248 758 366 835; x_wconf 79' lang='lat' dir='ltr'><strong>devera,</strong></span> <span class='ocrx_word' id='word_1_19' title='bbox 382 778 458 839; x_wconf 92' lang='lat' dir='ltr'><strong>quae</strong></span> <span class='ocrx_word' id='word_1_20' title='bbox 473 758 654 843; x_wconf 72' lang='lat' dir='ltr'><strong>lacerantur,</strong></span> <span class='ocrx_word' id='word_1_21' title='bbox 668 768 720 820; x_wconf 91' lang='lat' dir='ltr'><strong>aut</strong></span> <span class='ocrx_word' id='word_1_22' title='bbox 735 759 826 834; x_wconf 89' lang='lat' dir='ltr'><strong>corvi,</strong></span> <span class='ocrx_word' id='word_1_23' title='bbox 843 761 894 839; x_wconf 91' lang='lat' dir='ltr'><strong>qui</strong></span> <span class='ocrx_word' id='word_1_24' title='bbox 909 759 1051 822; x_wconf 86' lang='lat' dir='ltr'><strong>lacerant&#39;</strong></span> 
     </span>
     <span class='ocr_line' id='line_1_4' title="bbox 777 864 797 897; baseline 0 0"><span class='ocrx_word' id='word_1_25' title='bbox 777 864 797 897; x_wconf 65' lang='grc' dir='ltr'><strong>Ι·</strong></span> 
     </span>
     <span class='ocr_line' id='line_1_5' title="bbox 333 927 1399 1008; baseline 0.007 -19"><span class='ocrx_word' id='word_1_26' title='bbox 333 927 514 1008; x_wconf 78' lang='lat' dir='ltr'><strong>prudentior</strong></span> <span class='ocrx_word' id='word_1_27' title='bbox 535 928 701 1008; x_wconf 83' lang='lat' dir='ltr'><strong>Eumolpus</strong></span> <span class='ocrx_word' id='word_1_28' title='bbox 722 929 870 992; x_wconf 88' lang='lat' dir='ltr'><strong>convertit</strong></span> <span class='ocrx_word' id='word_1_29' title='bbox 890 931 926 992; x_wconf 96' lang='lat' dir='ltr'><strong>ad</strong></span> <span class='ocrx_word' id='word_1_30' title='bbox 948 930 1110 991; x_wconf 82' lang='lat' dir='ltr'><strong>novitatem</strong></span> <span class='ocrx_word' id='word_1_31' title='bbox 1133 931 1176 992; x_wconf 89' lang='lat' dir='ltr'><strong>rei</strong></span> <span class='ocrx_word' id='word_1_32' title='bbox 1197 927 1399 997; x_wconf 80' lang='lat' dir='ltr'><strong>mentemllt</strong></span> 
     </span>
     <span class='ocr_line' id='line_1_6' title="bbox 242 1012 1366 1096; baseline 0.004 -21"><span class='ocrx_word' id='word_1_33' title='bbox 242 1021 405 1093; x_wconf 81' lang='lat' dir='ltr'><strong>&#39;genusque</strong></span> <span class='ocrx_word' id='word_1_34' title='bbox 428 1012 618 1076; x_wconf 81' lang='lat' dir='ltr'><strong>divinationis</strong></span> <span class='ocrx_word' id='word_1_35' title='bbox 640 1013 696 1076; x_wconf 93' lang='lat' dir='ltr'><strong>sihi</strong></span> <span class='ocrx_word' id='word_1_36' title='bbox 720 1033 782 1076; x_wconf 93' lang='lat' dir='ltr'><strong>non</strong></span> <span class='ocrx_word' id='word_1_37' title='bbox 805 1014 963 1096; x_wconf 80' lang='lat' dir='ltr'><strong>displicere</strong></span> <span class='ocrx_word' id='word_1_38' title='bbox 984 1018 1139 1079; x_wconf 86' lang='lat' dir='ltr'><strong>confessus</strong></span> <span class='ocrx_word' id='word_1_39' title='bbox 1154 1024 1209 1077; x_wconf 83' lang='lat' dir='ltr'><strong>est</strong></span> <span class='ocrx_word' id='word_1_40' title='bbox 1239 1015 1330 1079; x_wconf 89' lang='lat' dir='ltr'><strong>iocari</strong></span> <span class='ocrx_word' id='word_1_41' title='bbox 1350 1027 1366 1079; x_wconf 82' lang='lat'>2</span> 
     </span>
     <span class='ocr_line' id='line_1_7' title="bbox 216 1097 1330 1180; baseline 0.001 -17"><span class='ocrx_word' id='word_1_42' title='bbox 216 1112 227 1163; x_wconf 82' lang='lat'><strong>5</strong></span> <span class='ocrx_word' id='word_1_43' title='bbox 246 1097 304 1179; x_wconf 74' lang='lat' dir='ltr'><strong>dgo</strong></span> <span class='ocrx_word' id='word_1_44' title='bbox 319 1116 426 1166; x_wconf 88' lang='lat' dir='ltr'><strong>senem</strong></span> <span class='ocrx_word' id='word_1_45' title='bbox 445 1099 563 1179; x_wconf 91' lang='lat' dir='ltr'><strong>poetica</strong></span> <span class='ocrx_word' id='word_1_46' title='bbox 582 1099 698 1161; x_wconf 84' lang='lat' dir='ltr'><strong>levitate</strong></span> <span class='ocrx_word' id='word_1_47' title='bbox 714 1099 889 1175; x_wconf 88' lang='lat' dir='ltr'><strong>credebam,</strong></span> <span class='ocrx_word' id='word_1_48' title='bbox 910 1119 980 1163; x_wconf 90' lang='lat' dir='ltr'><strong>oum</strong></span> <span class='ocrx_word' id='word_1_49' title='bbox 1005 1101 1054 1163; x_wconf 89' lang='lat' dir='ltr'><strong>ille</strong></span> <span class='ocrx_word' id='word_1_50' title='bbox 1069 1102 1195 1164; x_wconf 83' lang='lat' dir='ltr'><strong>‘utinam</strong></span> <span class='ocrx_word' id='word_1_51' title='bbox 1211 1100 1330 1180; x_wconf 90' lang='lat' dir='ltr'><strong>quidem</strong></span> 
     </span>
     <span class='ocr_line' id='line_1_8' title="bbox 247 1183 1332 1264; baseline 0 -17"><span class='ocrx_word' id='word_1_52' title='bbox 247 1186 402 1247; x_wconf 86' lang='lat' dir='ltr'><strong>sufficeret</strong></span> <span class='ocrx_word' id='word_1_53' title='bbox 421 1183 534 1264; x_wconf 87' lang='lat' dir='ltr'><strong>largior</strong></span> <span class='ocrx_word' id='word_1_54' title='bbox 553 1203 670 1258; x_wconf 84' lang='lat' dir='ltr'><strong>scaena,</strong></span> <span class='ocrx_word' id='word_1_55' title='bbox 693 1185 723 1247; x_wconf 91' lang='lat' dir='ltr'><strong>id</strong></span> <span class='ocrx_word' id='word_1_56' title='bbox 745 1196 790 1249; x_wconf 89' lang='lat' dir='ltr'><strong>est</strong></span> <span class='ocrx_word' id='word_1_57' title='bbox 803 1187 894 1248; x_wconf 85' lang='lat' dir='ltr'><strong>vestis</strong></span> <span class='ocrx_word' id='word_1_58' title='bbox 908 1187 1077 1262; x_wconf 86' lang='lat' dir='ltr'><strong>humanior,</strong></span> <span class='ocrx_word' id='word_1_59' title='bbox 1097 1188 1332 1248; x_wconf 87' lang='lat' dir='ltr'><strong>instrumentum</strong></span> 
     </span>
     <span class='ocr_line' id='line_1_9' title="bbox 246 1269 1332 1352; baseline 0.004 -21"><span class='ocrx_word' id='word_1_60' title='bbox 246 1270 367 1345; x_wconf 81' lang='lat' dir='ltr'><strong>lautius,</strong></span> <span class='ocrx_word' id='word_1_61' title='bbox 384 1270 463 1348; x_wconf 92' lang='lat' dir='ltr'><strong>quod</strong></span> <span class='ocrx_word' id='word_1_62' title='bbox 484 1269 643 1351; x_wconf 88' lang='lat' dir='ltr'><strong>praeheret</strong></span> <span class='ocrx_word' id='word_1_63' title='bbox 657 1271 813 1333; x_wconf 87' lang='lat' dir='ltr'><strong>mendacio</strong></span> <span class='ocrx_word' id='word_1_64' title='bbox 828 1272 932 1338; x_wconf 88' lang='lat' dir='ltr'><strong>fidem:</strong></span> <span class='ocrx_word' id='word_1_65' title='bbox 949 1291 1011 1333; x_wconf 90' lang='lat' dir='ltr'><strong>non</strong></span> <span class='ocrx_word' id='word_1_66' title='bbox 1026 1272 1213 1334; x_wconf 87' lang='lat' dir='ltr'><strong>mehercules</strong></span> <span class='ocrx_word' id='word_1_67' title='bbox 1223 1290 1332 1352; x_wconf 89' lang='lat' dir='ltr'><strong>penam</strong></span> 
     </span>
     <span class='ocr_line' id='line_1_10' title="bbox 246 1354 1332 1437; baseline -0.001 -19"><span class='ocrx_word' id='word_1_68' title='bbox 246 1356 336 1418; x_wconf 87' lang='lat' dir='ltr'><strong>istam</strong></span> <span class='ocrx_word' id='word_1_69' title='bbox 359 1354 521 1430; x_wconf 83' lang='lat' dir='ltr'><strong>differrem,</strong></span> <span class='ocrx_word' id='word_1_70' title='bbox 548 1355 600 1417; x_wconf 91' lang='lat' dir='ltr'><strong>sed</strong></span> <span class='ocrx_word' id='word_1_71' title='bbox 629 1357 774 1418; x_wconf 90' lang='lat' dir='ltr'><strong>continuo</strong></span> <span class='ocrx_word' id='word_1_72' title='bbox 802 1375 855 1419; x_wconf 86' lang='lat' dir='ltr'><strong>vos</strong></span> <span class='ocrx_word' id='word_1_73' title='bbox 883 1359 919 1420; x_wconf 91' lang='lat' dir='ltr'><strong>ad</strong></span> <span class='ocrx_word' id='word_1_74' title='bbox 942 1376 1064 1437; x_wconf 88' lang='lat' dir='ltr'><strong>magnas</strong></span> <span class='ocrx_word' id='word_1_75' title='bbox 1086 1375 1159 1437; x_wconf 88' lang='lat' dir='ltr'><strong>opes</strong></span> <span class='ocrx_word' id='word_1_76' title='bbox 1181 1358 1332 1418; x_wconf 87' lang='lat' dir='ltr'><strong>ducerem.</strong></span> 
     </span>
     <span class='ocr_line' id='line_1_11' title="bbox 213 1440 1369 1524; baseline 0.002 -21"><span class='ocrx_word' id='word_1_77' title='bbox 213 1456 217 1464; x_wconf 90' lang='lat'>·</span> <span class='ocrx_word' id='word_1_78' title='bbox 246 1442 352 1521; x_wconf 87' lang='lat' dir='ltr'><strong>atquin</strong></span> <span class='ocrx_word' id='word_1_79' title='bbox 375 1440 532 1521; x_wconf 89' lang='lat' dir='ltr'><strong>promitto,</strong></span> <span class='ocrx_word' id='word_1_80' title='bbox 559 1441 701 1521; x_wconf 89' lang='lat' dir='ltr'><strong>quioquid</strong></span> <span class='ocrx_word' id='word_1_81' title='bbox 723 1442 870 1522; x_wconf 87' lang='lat' dir='ltr'><strong>exigeret,</strong></span> <span class='ocrx_word' id='word_1_82' title='bbox 899 1443 1060 1506; x_wconf 92' lang='lat' dir='ltr'><strong>dummodo</strong></span> <span class='ocrx_word' id='word_1_83' title='bbox 1082 1443 1214 1524; x_wconf 85' lang='lat' dir='ltr'><strong>placeret</strong></span> <span class='ocrx_word' id='word_1_84' title='bbox 1233 1442 1331 1518; x_wconf 80' lang='lat' dir='ltr'><strong>vestis,</strong></span> <span class='ocrx_word' id='word_1_85' title='bbox 1352 1450 1369 1505; x_wconf 77' lang='lat'>3</span> 
     </span>
     <span class='ocr_line' id='line_1_12' title="bbox 201 1527 1332 1609; baseline -0.001 -21"><span class='ocrx_word' id='word_1_86' title='bbox 201 1536 228 1590; x_wconf 85' lang='lat' dir='ltr'><strong>tu</strong></span> <span class='ocrx_word' id='word_1_87' title='bbox 247 1527 373 1608; x_wconf 86' lang='lat' dir='ltr'><strong>rapinae</strong></span> <span class='ocrx_word' id='word_1_88' title='bbox 396 1544 513 1601; x_wconf 90' lang='lat' dir='ltr'><strong>comes,</strong></span> <span class='ocrx_word' id='word_1_89' title='bbox 542 1536 570 1587; x_wconf 89' lang='lat' dir='ltr'><strong>et</strong></span> <span class='ocrx_word' id='word_1_90' title='bbox 600 1528 742 1606; x_wconf 89' lang='lat' dir='ltr'><strong>quioquid</strong></span> <span class='ocrx_word' id='word_1_91' title='bbox 766 1527 895 1608; x_wconf 80' lang='lat' dir='ltr'><strong>Lycurgi</strong></span> <span class='ocrx_word' id='word_1_92' title='bbox 923 1528 989 1589; x_wconf 85' lang='lat' dir='ltr'><strong>villa</strong></span> <span class='ocrx_word' id='word_1_93' title='bbox 1018 1527 1223 1608; x_wconf 80' lang='lat' dir='ltr'><strong>grassantibus</strong></span> <span class='ocrx_word' id='word_1_94' title='bbox 1244 1545 1332 1609; x_wconf 90' lang='lat' dir='ltr'><strong>prae-</strong></span> 
     </span>
     <span class='ocr_line' id='line_1_13' title="bbox 247 1610 1332 1694; baseline -0.001 -20"><span class='ocrx_word' id='word_1_95' title='bbox 247 1610 374 1674; x_wconf 84' lang='lat' dir='ltr'><strong>buisset</strong></span> <span class='ocrx_word' id='word_1_96' title='bbox 414 1630 482 1673; x_wconf 90' lang='lat' dir='ltr'><strong>nam</strong></span> <span class='ocrx_word' id='word_1_97' title='bbox 506 1630 646 1673; x_wconf 93' lang='lat' dir='ltr'><strong>nummos</strong></span> <span class='ocrx_word' id='word_1_98' title='bbox 667 1612 699 1674; x_wconf 93' lang='lat' dir='ltr'><strong>in</strong></span> <span class='ocrx_word' id='word_1_99' title='bbox 722 1623 912 1694; x_wconf 87' lang='lat' dir='ltr'><strong>praesentem</strong></span> <span class='ocrx_word' id='word_1_100' title='bbox 928 1631 1016 1675; x_wconf 93' lang='lat' dir='ltr'><strong>usum</strong></span> <span class='ocrx_word' id='word_1_101' title='bbox 1032 1616 1121 1676; x_wconf 90' lang='lat' dir='ltr'><strong>deum</strong></span> <span class='ocrx_word' id='word_1_102' title='bbox 1135 1622 1260 1675; x_wconf 89' lang='lat' dir='ltr'><strong>matrem</strong></span> <span class='ocrx_word' id='word_1_103' title='bbox 1274 1630 1332 1693; x_wconf 90' lang='lat' dir='ltr'><strong>pro</strong></span> 
     </span>
     <span class='ocr_line' id='line_1_14' title="bbox 247 1695 582 1760; baseline -0.003 -2"><span class='ocrx_word' id='word_1_104' title='bbox 247 1698 307 1760; x_wconf 87' lang='lat' dir='ltr'><strong>lide</strong></span> <span class='ocrx_word' id='word_1_105' title='bbox 322 1715 377 1759; x_wconf 89' lang='lat' dir='ltr'><strong>sua</strong></span> <span class='ocrx_word' id='word_1_106' title='bbox 391 1695 582 1758; x_wconf 86' lang='lat' dir='ltr'><strong>reddituram&#39;</strong></span> 
     </span>
    </p>
   </div>
   <div class='ocr_carea' id='block_1_3' title="bbox 201 1864 1381 4000">
    <p class='ocr_par' dir='ltr' id='par_1_3' title="bbox 201 1864 1381 4000">
     <span class='ocr_line' id='line_1_15' title="bbox 334 1864 1367 1947; baseline 0 -20"><span class='ocrx_word' id='word_1_107' title='bbox 334 1866 417 1947; x_wconf 86' lang='lat' dir='ltr'><strong>‘quid</strong></span> <span class='ocrx_word' id='word_1_108' title='bbox 432 1865 514 1947; x_wconf 87' lang='lat' dir='ltr'><strong>ergo&#39;</strong></span> <span class='ocrx_word' id='word_1_109' title='bbox 529 1865 804 1946; x_wconf 86' lang='lat' dir='ltr'><strong>inquitEumolpus</strong></span> <span class='ocrx_word' id='word_1_110' title='bbox 819 1871 980 1930; x_wconf 86' lang='lat' dir='ltr'><strong>‘cessamus</strong></span> <span class='ocrx_word' id='word_1_111' title='bbox 991 1869 1115 1930; x_wconf 89' lang='lat' dir='ltr'><strong>mimum</strong></span> <span class='ocrx_word' id='word_1_112' title='bbox 1125 1864 1330 1947; x_wconf 76' lang='lat' dir='ltr'><strong>componere?</strong></span> <span class='ocrx_word' id='word_1_113' title='bbox 1351 1876 1367 1927; x_wconf 80' lang='lat'>4</span> 
     </span>
     <span class='ocr_line' id='line_1_16' title="bbox 201 1952 1368 2034; baseline 0 -21"><span class='ocrx_word' id='word_1_114' title='bbox 201 1969 203 1974; x_wconf 89' lang='lat'>·</span> <span class='ocrx_word' id='word_1_115' title='bbox 247 1952 336 2014; x_wconf 81' lang='lat' dir='ltr'><strong>tacite</strong></span> <span class='ocrx_word' id='word_1_116' title='bbox 351 1970 424 2031; x_wconf 88' lang='lat' dir='ltr'><strong>ergo</strong></span> <span class='ocrx_word' id='word_1_117' title='bbox 439 1970 487 2013; x_wconf 91' lang='lat' dir='ltr'><strong>me</strong></span> <span class='ocrx_word' id='word_1_118' title='bbox 502 1952 673 2026; x_wconf 91' lang='lat' dir='ltr'><strong>dominum,</strong></span> <span class='ocrx_word' id='word_1_119' title='bbox 695 1952 720 2013; x_wconf 93' lang='lat' dir='ltr'><strong>si</strong></span> <span class='ocrx_word' id='word_1_120' title='bbox 740 1952 902 2032; x_wconf 82' lang='lat' dir='ltr'><strong>negotiatio</strong></span> <span class='ocrx_word' id='word_1_121' title='bbox 919 1952 1034 2034; x_wconf 85' lang='lat' dir='ltr'><strong>placet&#39;</strong></span> <span class='ocrx_word' id='word_1_122' title='bbox 1079 1972 1167 2015; x_wconf 92' lang='lat' dir='ltr'><strong>nemo</strong></span> <span class='ocrx_word' id='word_1_123' title='bbox 1182 1971 1273 2015; x_wconf 88' lang='lat' dir='ltr'><strong>ausus</strong></span> <span class='ocrx_word' id='word_1_124' title='bbox 1288 1962 1332 2014; x_wconf 83' lang='lat' dir='ltr'><strong>est</strong></span> <span class='ocrx_word' id='word_1_125' title='bbox 1345 1962 1368 2022; x_wconf 66' lang='lat' dir='ltr'><strong>o</strong></span> 
     </span>
     <span class='ocr_line' id='line_1_17' title="bbox 201 2036 1333 2119; baseline 0.002 -20"><span class='ocrx_word' id='word_1_126' title='bbox 201 2043 229 2100; x_wconf 81' lang='lat' dir='ltr'><strong>ts</strong></span> <span class='ocrx_word' id='word_1_127' title='bbox 246 2046 342 2101; x_wconf 85' lang='lat' dir='ltr'><strong>artem</strong></span> <span class='ocrx_word' id='word_1_128' title='bbox 358 2037 500 2100; x_wconf 87' lang='lat' dir='ltr'><strong>damnare</strong></span> <span class='ocrx_word' id='word_1_129' title='bbox 516 2036 591 2099; x_wconf 93' lang='lat' dir='ltr'><strong>nihil</strong></span> <span class='ocrx_word' id='word_1_130' title='bbox 605 2037 801 2099; x_wconf 76' lang='lat' dir='ltr'><strong>auferentem.</strong></span> <span class='ocrx_word' id='word_1_131' title='bbox 833 2038 934 2119; x_wconf 87' lang='lat' dir='ltr'><strong>itaque</strong></span> <span class='ocrx_word' id='word_1_132' title='bbox 949 2049 983 2100; x_wconf 89' lang='lat' dir='ltr'><strong>ut</strong></span> <span class='ocrx_word' id='word_1_133' title='bbox 997 2039 1120 2101; x_wconf 89' lang='lat' dir='ltr'><strong>duraret</strong></span> <span class='ocrx_word' id='word_1_134' title='bbox 1133 2038 1213 2100; x_wconf 88' lang='lat' dir='ltr'><strong>inter</strong></span> <span class='ocrx_word' id='word_1_135' title='bbox 1228 2056 1333 2101; x_wconf 90' lang='lat' dir='ltr'><strong>omnes</strong></span> 
     </span>
     <span class='ocr_line' id='line_1_18' title="bbox 248 2122 1331 2204; baseline -0.002 -19"><span class='ocrx_word' id='word_1_136' title='bbox 248 2131 348 2185; x_wconf 91' lang='lat' dir='ltr'><strong>tutum</strong></span> <span class='ocrx_word' id='word_1_137' title='bbox 368 2123 568 2196; x_wconf 90' lang='lat' dir='ltr'><strong>mendacium,</strong></span> <span class='ocrx_word' id='word_1_138' title='bbox 590 2122 622 2184; x_wconf 94' lang='lat' dir='ltr'><strong>in</strong></span> <span class='ocrx_word' id='word_1_139' title='bbox 644 2122 733 2184; x_wconf 86' lang='lat' dir='ltr'><strong>verba</strong></span> <span class='ocrx_word' id='word_1_140' title='bbox 752 2122 893 2204; x_wconf 85' lang='lat' dir='ltr'><strong>Eumolpi</strong></span> <span class='ocrx_word' id='word_1_141' title='bbox 914 2132 1136 2186; x_wconf 88' lang='lat' dir='ltr'><strong>sacramentnm</strong></span> <span class='ocrx_word' id='word_1_142' title='bbox 1154 2123 1331 2186; x_wconf 86' lang='lat' dir='ltr'><strong>iuravimus:</strong></span> 
     </span>
     <span class='ocr_line' id='line_1_19' title="bbox 247 2208 1333 2289; baseline -0.002 -18"><span class='ocrx_word' id='word_1_143' title='bbox 247 2209 306 2284; x_wconf 82' lang='lat' dir='ltr'><strong>uri,</strong></span> <span class='ocrx_word' id='word_1_144' title='bbox 322 2208 439 2285; x_wconf 87' lang='lat' dir='ltr'><strong>vinciri,</strong></span> <span class='ocrx_word' id='word_1_145' title='bbox 455 2208 604 2270; x_wconf 86' lang='lat' dir='ltr'><strong>verberari</strong></span> <span class='ocrx_word' id='word_1_146' title='bbox 620 2209 760 2288; x_wconf 84' lang='lat' dir='ltr'><strong>ferroque</strong></span> <span class='ocrx_word' id='word_1_147' title='bbox 775 2211 886 2281; x_wconf 89' lang='lat' dir='ltr'><strong>necari,</strong></span> <span class='ocrx_word' id='word_1_148' title='bbox 908 2220 938 2271; x_wconf 89' lang='lat' dir='ltr'><strong>et</strong></span> <span class='ocrx_word' id='word_1_149' title='bbox 959 2209 1101 2289; x_wconf 89' lang='lat' dir='ltr'><strong>quiequid</strong></span> <span class='ocrx_word' id='word_1_150' title='bbox 1116 2208 1194 2270; x_wconf 93' lang='lat' dir='ltr'><strong>aliud</strong></span> <span class='ocrx_word' id='word_1_151' title='bbox 1210 2208 1333 2271; x_wconf 87' lang='lat' dir='ltr'><strong>Eumol·</strong></span> 
     </span>
     <span class='ocr_line' id='line_1_20' title="bbox 248 2294 1332 2375; baseline -0.001 -19"><span class='ocrx_word' id='word_1_152' title='bbox 248 2312 307 2375; x_wconf 90' lang='lat' dir='ltr'><strong>pus</strong></span> <span class='ocrx_word' id='word_1_153' title='bbox 322 2294 466 2357; x_wconf 88' lang='lat' dir='ltr'><strong>iussisset.</strong></span> <span class='ocrx_word' id='word_1_154' title='bbox 495 2303 638 2373; x_wconf 92' lang='lat' dir='ltr'><strong>tanquam</strong></span> <span class='ocrx_word' id='word_1_155' title='bbox 652 2294 778 2373; x_wconf 87' lang='lat' dir='ltr'><strong>legitimi</strong></span> <span class='ocrx_word' id='word_1_156' title='bbox 792 2294 971 2373; x_wconf 87' lang='lat' dir='ltr'><strong>gladiatores</strong></span> <span class='ocrx_word' id='word_1_157' title='bbox 987 2295 1109 2356; x_wconf 92' lang='lat' dir='ltr'><strong>domino</strong></span> <span class='ocrx_word' id='word_1_158' title='bbox 1125 2311 1252 2373; x_wconf 89' lang='lat' dir='ltr'><strong>corpora</strong></span> <span class='ocrx_word' id='word_1_159' title='bbox 1267 2295 1332 2355; x_wconf 92' lang='lat' dir='ltr'><strong>ani-</strong></span> 
     </span>
     <span class='ocr_line' id='line_1_21' title="bbox 247 2379 1368 2460; baseline -0.004 -18"><span class='ocrx_word' id='word_1_160' title='bbox 247 2397 374 2458; x_wconf 86' lang='lat' dir='ltr'><strong>masque</strong></span> <span class='ocrx_word' id='word_1_161' title='bbox 394 2379 614 2459; x_wconf 86' lang='lat' dir='ltr'><strong>religiosissime</strong></span> <span class='ocrx_word' id='word_1_162' title='bbox 635 2379 808 2441; x_wconf 89' lang='lat' dir='ltr'><strong>addicimus.</strong></span> <span class='ocrx_word' id='word_1_163' title='bbox 848 2391 918 2459; x_wconf 89' lang='lat' dir='ltr'><strong>post</strong></span> <span class='ocrx_word' id='word_1_164' title='bbox 935 2389 1090 2460; x_wconf 87' lang='lat' dir='ltr'><strong>peractum</strong></span> <span class='ocrx_word' id='word_1_165' title='bbox 1113 2388 1368 2442; x_wconf 82' lang='lat' dir='ltr'><strong>sacramentumo</strong></span> 
     </span>
     <span class='ocr_line' id='line_1_22' title="bbox 201 2464 1332 2546; baseline -0.003 -18"><span class='ocrx_word' id='word_1_166' title='bbox 201 2474 228 2528; x_wconf 83' lang='lat' dir='ltr'><strong>tt</strong></span> <span class='ocrx_word' id='word_1_167' title='bbox 247 2465 397 2528; x_wconf 84' lang='lat' dir='ltr'><strong>serviliter</strong></span> <span class='ocrx_word' id='word_1_168' title='bbox 418 2465 478 2527; x_wconf 85' lang='lat' dir='ltr'><strong>ficti</strong></span> <span class='ocrx_word' id='word_1_169' title='bbox 501 2465 655 2526; x_wconf 91' lang='lat' dir='ltr'><strong>domiuum</strong></span> <span class='ocrx_word' id='word_1_170' title='bbox 678 2465 910 2541; x_wconf 86' lang='lat' dir='ltr'><strong>consalutamus,</strong></span> <span class='ocrx_word' id='word_1_171' title='bbox 933 2466 1103 2544; x_wconf 89' lang='lat' dir='ltr'><strong>elatumque</strong></span> <span class='ocrx_word' id='word_1_172' title='bbox 1125 2464 1162 2526; x_wconf 93' lang='lat' dir='ltr'><strong>ah</strong></span> <span class='ocrx_word' id='word_1_173' title='bbox 1185 2464 1332 2546; x_wconf 86' lang='lat' dir='ltr'><strong>Eumolpo</strong></span> 
     </span>
     <span class='ocr_line' id='line_1_23' title="bbox 249 2550 1333 2631; baseline -0.002 -19"><span class='ocrx_word' id='word_1_174' title='bbox 249 2550 345 2613; x_wconf 86' lang='lat' dir='ltr'><strong>filium</strong></span> <span class='ocrx_word' id='word_1_175' title='bbox 359 2551 471 2631; x_wconf 84' lang='lat' dir='ltr'><strong>pariter</strong></span> <span class='ocrx_word' id='word_1_176' title='bbox 485 2550 694 2625; x_wconf 86' lang='lat' dir='ltr'><strong>condiscimus,</strong></span> <span class='ocrx_word' id='word_1_177' title='bbox 710 2550 848 2611; x_wconf 84' lang='lat' dir='ltr'><strong>iuvenem</strong></span> <span class='ocrx_word' id='word_1_178' title='bbox 864 2550 995 2629; x_wconf 86' lang='lat' dir='ltr'><strong>ingentis</strong></span> <span class='ocrx_word' id='word_1_179' title='bbox 1009 2550 1198 2630; x_wconf 87' lang='lat' dir='ltr'><strong>eloquentiae</strong></span> <span class='ocrx_word' id='word_1_180' title='bbox 1213 2559 1245 2613; x_wconf 90' lang='lat' dir='ltr'><strong>et</strong></span> <span class='ocrx_word' id='word_1_181' title='bbox 1258 2550 1333 2630; x_wconf 91' lang='lat' dir='ltr'><strong>spei,</strong></span> 
     </span>
     <span class='ocr_line' id='line_1_24' title="bbox 249 2635 1333 2714; baseline 0 -18"><span class='ocrx_word' id='word_1_182' title='bbox 249 2636 379 2714; x_wconf 92' lang='lat' dir='ltr'><strong>ideoque</strong></span> <span class='ocrx_word' id='word_1_183' title='bbox 394 2637 432 2697; x_wconf 89' lang='lat' dir='ltr'><strong>de</strong></span> <span class='ocrx_word' id='word_1_184' title='bbox 447 2636 563 2697; x_wconf 87' lang='lat' dir='ltr'><strong>civitate</strong></span> <span class='ocrx_word' id='word_1_185' title='bbox 579 2654 631 2697; x_wconf 92' lang='lat' dir='ltr'><strong>sua</strong></span> <span class='ocrx_word' id='word_1_186' title='bbox 647 2636 846 2698; x_wconf 89' lang='lat' dir='ltr'><strong>miserrimum</strong></span> <span class='ocrx_word' id='word_1_187' title='bbox 858 2654 962 2698; x_wconf 89' lang='lat' dir='ltr'><strong>senem</strong></span> <span class='ocrx_word' id='word_1_188' title='bbox 974 2636 1078 2709; x_wconf 81' lang='lat' dir='ltr'><strong>exisse,</strong></span> <span class='ocrx_word' id='word_1_189' title='bbox 1095 2655 1134 2697; x_wconf 92' lang='lat' dir='ltr'><strong>ne</strong></span> <span class='ocrx_word' id='word_1_190' title='bbox 1144 2646 1196 2697; x_wconf 94' lang='lat' dir='ltr'><strong>aut</strong></span> <span class='ocrx_word' id='word_1_191' title='bbox 1207 2635 1333 2697; x_wconf 88' lang='lat' dir='ltr'><strong>clientes</strong></span> 
     </span>
     <span class='ocr_line' id='line_1_25' title="bbox 248 2720 1331 2801; baseline -0.002 -18"><span class='ocrx_word' id='word_1_192' title='bbox 248 2720 426 2801; x_wconf 89' lang='lat' dir='ltr'><strong>sodalesque</strong></span> <span class='ocrx_word' id='word_1_193' title='bbox 447 2721 501 2783; x_wconf 88' lang='lat' dir='ltr'><strong>filii</strong></span> <span class='ocrx_word' id='word_1_194' title='bbox 521 2722 567 2783; x_wconf 92' lang='lat' dir='ltr'><strong>sui</strong></span> <span class='ocrx_word' id='word_1_195' title='bbox 586 2731 638 2782; x_wconf 89' lang='lat' dir='ltr'><strong>aut</strong></span> <span class='ocrx_word' id='word_1_196' title='bbox 659 2721 830 2801; x_wconf 86' lang='lat' dir='ltr'><strong>sepulcrum</strong></span> <span class='ocrx_word' id='word_1_197' title='bbox 853 2721 987 2800; x_wconf 90' lang='lat' dir='ltr'><strong>qnotidie</strong></span> <span class='ocrx_word' id='word_1_198' title='bbox 1009 2739 1128 2783; x_wconf 90' lang='lat' dir='ltr'><strong>causam</strong></span> <span class='ocrx_word' id='word_1_199' title='bbox 1142 2720 1331 2782; x_wconf 89' lang='lat' dir='ltr'><strong>lacrimarum</strong></span> 
     </span>
     <span class='ocr_line' id='line_1_26' title="bbox 248 2806 1366 2888; baseline -0.004 -20"><span class='ocrx_word' id='word_1_200' title='bbox 248 2816 399 2869; x_wconf 85' lang='lat' dir='ltr'><strong>cerneret.</strong></span> <span class='ocrx_word' id='word_1_201' title='bbox 429 2808 589 2869; x_wconf 87' lang='lat' dir='ltr'><strong>accessisse</strong></span> <span class='ocrx_word' id='word_1_202' title='bbox 609 2807 681 2868; x_wconf 93' lang='lat' dir='ltr'><strong>huic</strong></span> <span class='ocrx_word' id='word_1_203' title='bbox 703 2806 840 2868; x_wconf 88' lang='lat' dir='ltr'><strong>tristitiae</strong></span> <span class='ocrx_word' id='word_1_204' title='bbox 862 2807 1031 2888; x_wconf 78' lang='lat' dir='ltr'><strong>proximum</strong></span> <span class='ocrx_word' id='word_1_205' title='bbox 1047 2806 1246 2885; x_wconf 82' lang='lat' dir='ltr'><strong>naufragium,</strong></span> <span class='ocrx_word' id='word_1_206' title='bbox 1269 2823 1329 2885; x_wconf 90' lang='lat' dir='ltr'><strong>quo</strong></span> <span class='ocrx_word' id='word_1_207' title='bbox 1351 2813 1366 2862; x_wconf 81' lang='lat' dir='ltr'><strong>t</strong></span> 
     </span>
     <span class='ocr_line' id='line_1_27' title="bbox 201 2891 1330 2973; baseline -0.002 -19"><span class='ocrx_word' id='word_1_208' title='bbox 201 2901 227 2954; x_wconf 77' lang='lat' dir='ltr'><strong>u</strong></span> <span class='ocrx_word' id='word_1_209' title='bbox 247 2891 378 2973; x_wconf 91' lang='lat' dir='ltr'><strong>amplius</strong></span> <span class='ocrx_word' id='word_1_210' title='bbox 398 2892 488 2954; x_wconf 83' lang='lat' dir='ltr'><strong>vicies</strong></span> <span class='ocrx_word' id='word_1_211' title='bbox 510 2893 679 2955; x_wconf 89' lang='lat' dir='ltr'><strong>sestertium</strong></span> <span class='ocrx_word' id='word_1_212' title='bbox 697 2892 854 2965; x_wconf 32' lang='lat' dir='ltr'><strong>,amiserim</strong></span> <span class='ocrx_word' id='word_1_213' title='bbox 881 2911 938 2955; x_wconf 90' lang='lat' dir='ltr'><strong>nec</strong></span> <span class='ocrx_word' id='word_1_214' title='bbox 963 2893 1048 2955; x_wconf 90' lang='lat' dir='ltr'><strong>illum</strong></span> <span class='ocrx_word' id='word_1_215' title='bbox 1068 2892 1182 2954; x_wconf 87' lang='lat' dir='ltr'><strong>iactura</strong></span> <span class='ocrx_word' id='word_1_216' title='bbox 1207 2891 1330 2964; x_wconf 86' lang='lat' dir='ltr'><strong>moveri,</strong></span> 
     </span>
     <span class='ocr_line' id='line_1_28' title="bbox 247 2977 1366 3058; baseline -0.005 -17"><span class='ocrx_word' id='word_1_217' title='bbox 247 2978 301 3041; x_wconf 88' lang='lat' dir='ltr'><strong>sed</strong></span> <span class='ocrx_word' id='word_1_218' title='bbox 314 2978 492 3040; x_wconf 90' lang='lat' dir='ltr'><strong>destitutum</strong></span> <span class='ocrx_word' id='word_1_219' title='bbox 504 2977 670 3040; x_wconf 89' lang='lat' dir='ltr'><strong>ministerio</strong></span> <span class='ocrx_word' id='word_1_220' title='bbox 687 2997 748 3039; x_wconf 92' lang='lat' dir='ltr'><strong>non</strong></span> <span class='ocrx_word' id='word_1_221' title='bbox 760 2995 924 3057; x_wconf 88' lang='lat' dir='ltr'><strong>agnoscere</strong></span> <span class='ocrx_word' id='word_1_222' title='bbox 935 2979 1108 3058; x_wconf 89' lang='lat' dir='ltr'><strong>dignitatem</strong></span> <span class='ocrx_word' id='word_1_223' title='bbox 1119 2995 1213 3039; x_wconf 88' lang='lat' dir='ltr'><strong>suam.</strong></span> <span class='ocrx_word' id='word_1_224' title='bbox 1243 2994 1330 3057; x_wconf 88' lang='lat' dir='ltr'><strong>prae·</strong></span> <span class='ocrx_word' id='word_1_225' title='bbox 1351 2984 1366 3034; x_wconf 83' lang='lat'><em>8</em></span> 
     </span>
     <span class='ocr_line' id='line_1_29' title="bbox 249 3062 1331 3142; baseline -0.001 -18"><span class='ocrx_word' id='word_1_226' title='bbox 249 3076 332 3125; x_wconf 89' lang='lat' dir='ltr'><strong>terea</strong></span> <span class='ocrx_word' id='word_1_227' title='bbox 347 3062 457 3125; x_wconf 90' lang='lat' dir='ltr'><strong>hahere</strong></span> <span class='ocrx_word' id='word_1_228' title='bbox 472 3063 503 3124; x_wconf 96' lang='lat' dir='ltr'><strong>in</strong></span> <span class='ocrx_word' id='word_1_229' title='bbox 519 3064 617 3125; x_wconf 75' lang='lat' dir='ltr'><strong>Africa</strong></span> <span class='ocrx_word' id='word_1_230' title='bbox 632 3062 793 3125; x_wconf 87' lang='lat' dir='ltr'><strong>trecenties</strong></span> <span class='ocrx_word' id='word_1_231' title='bbox 805 3064 974 3125; x_wconf 88' lang='lat' dir='ltr'><strong>sestertium</strong></span> <span class='ocrx_word' id='word_1_232' title='bbox 985 3063 1086 3126; x_wconf 90' lang='lat' dir='ltr'><strong>lundis</strong></span> <span class='ocrx_word' id='word_1_233' title='bbox 1098 3062 1331 3142; x_wconf 86' lang='lat' dir='ltr'><strong>nominibusque</strong></span> 
     </span>
     <span class='ocr_line' id='line_1_30' title="bbox 247 3148 1330 3230; baseline 0.001 -21"><span class='ocrx_word' id='word_1_234' title='bbox 247 3148 418 3230; x_wconf 88' lang='lat' dir='ltr'><strong>depositum</strong></span> <span class='ocrx_word' id='word_1_235' title='bbox 424 3165 434 3224; x_wconf 92' lang='lat'>;</span> <span class='ocrx_word' id='word_1_236' title='bbox 455 3167 524 3226; x_wconf 84' lang='lat' dir='ltr'><strong>uam</strong></span> <span class='ocrx_word' id='word_1_237' title='bbox 540 3148 679 3210; x_wconf 84' lang='lat' dir='ltr'><strong>familiam</strong></span> <span class='ocrx_word' id='word_1_238' title='bbox 694 3148 813 3228; x_wconf 90' lang='lat' dir='ltr'><strong>quidem</strong></span> <span class='ocrx_word' id='word_1_239' title='bbox 828 3157 888 3210; x_wconf 75' lang='lat' dir='ltr'><strong>mm</strong></span> <span class='ocrx_word' id='word_1_240' title='bbox 905 3167 1041 3229; x_wconf 87' lang='lat' dir='ltr'><strong>magnam</strong></span> <span class='ocrx_word' id='word_1_241' title='bbox 1055 3167 1112 3230; x_wconf 89' lang='lat' dir='ltr'><strong>per</strong></span> <span class='ocrx_word' id='word_1_242' title='bbox 1127 3167 1214 3228; x_wconf 90' lang='lat' dir='ltr'><strong>agros</strong></span> <span class='ocrx_word' id='word_1_243' title='bbox 1228 3148 1330 3210; x_wconf 90' lang='lat' dir='ltr'><strong>Numi·</strong></span> 
     </span>
     <span class='ocr_line' id='line_1_31' title="bbox 247 3232 1366 3316; baseline -0.004 -20"><span class='ocrx_word' id='word_1_244' title='bbox 247 3233 315 3296; x_wconf 87' lang='lat' dir='ltr'><strong>diae</strong></span> <span class='ocrx_word' id='word_1_245' title='bbox 330 3252 395 3296; x_wconf 89' lang='lat' dir='ltr'><strong>esse</strong></span> <span class='ocrx_word' id='word_1_246' title='bbox 409 3251 551 3316; x_wconf 88' lang='lat' dir='ltr'><strong>sparsam,</strong></span> <span class='ocrx_word' id='word_1_247' title='bbox 567 3243 601 3295; x_wconf 92' lang='lat' dir='ltr'><strong>ut</strong></span> <span class='ocrx_word' id='word_1_248' title='bbox 614 3233 710 3314; x_wconf 92' lang='lat' dir='ltr'><strong>possit</strong></span> <span class='ocrx_word' id='word_1_249' title='bbox 729 3233 774 3294; x_wconf 82' lang='lat' dir='ltr'><strong>vel</strong></span> <span class='ocrx_word' id='word_1_250' title='bbox 789 3232 997 3314; x_wconf 82' lang='lat' dir='ltr'><strong>Carthaginem</strong></span> <span class='ocrx_word' id='word_1_251' title='bbox 1017 3252 1135 3314; x_wconf 86' lang='lat' dir='ltr'><strong>capere.</strong></span> <span class='ocrx_word' id='word_1_252' title='bbox 1164 3233 1329 3295; x_wconf 91' lang='lat' dir='ltr'><strong>secuudum</strong></span> <span class='ocrx_word' id='word_1_253' title='bbox 1351 3238 1366 3289; x_wconf 79' lang='lat'><strong>⁹</strong></span> 
     </span>
     <span class='ocr_line' id='line_1_32' title="bbox 201 3318 1331 3400; baseline -0.004 -16"><span class='ocrx_word' id='word_1_254' title='bbox 201 3330 227 3384; x_wconf 84' lang='lat' dir='ltr'><strong>tt</strong></span> <span class='ocrx_word' id='word_1_255' title='bbox 246 3319 328 3381; x_wconf 88' lang='lat' dir='ltr'><strong>hauc</strong></span> <span class='ocrx_word' id='word_1_256' title='bbox 351 3318 510 3381; x_wconf 81' lang='lat' dir='ltr'><strong>formulam</strong></span> <span class='ocrx_word' id='word_1_257' title='bbox 532 3320 712 3400; x_wconf 91' lang='lat' dir='ltr'><strong>imperamus</strong></span> <span class='ocrx_word' id='word_1_258' title='bbox 733 3318 900 3399; x_wconf 89' lang='lat' dir='ltr'><strong>Eumolpo,</strong></span> <span class='ocrx_word' id='word_1_259' title='bbox 921 3329 955 3381; x_wconf 89' lang='lat' dir='ltr'><strong>ut</strong></span> <span class='ocrx_word' id='word_1_260' title='bbox 976 3320 1138 3399; x_wconf 88' lang='lat' dir='ltr'><strong>plurimum</strong></span> <span class='ocrx_word' id='word_1_261' title='bbox 1158 3319 1278 3393; x_wconf 86' lang='lat' dir='ltr'><strong>tussiat,</strong></span> <span class='ocrx_word' id='word_1_262' title='bbox 1297 3328 1331 3380; x_wconf 85' lang='lat' dir='ltr'><strong>ut</strong></span> 
     </span>
     <span class='ocr_line' id='line_1_33' title="bbox 248 3403 1329 3485; baseline -0.002 -19"><span class='ocrx_word' id='word_1_263' title='bbox 248 3404 288 3467; x_wconf 89' lang='lat' dir='ltr'><strong>sit</strong></span> <span class='ocrx_word' id='word_1_264' title='bbox 309 3404 400 3465; x_wconf 91' lang='lat' dir='ltr'><strong>modo</strong></span> <span class='ocrx_word' id='word_1_265' title='bbox 428 3405 580 3467; x_wconf 88' lang='lat' dir='ltr'><strong>solutioris</strong></span> <span class='ocrx_word' id='word_1_266' title='bbox 602 3404 748 3467; x_wconf 90' lang='lat' dir='ltr'><strong>stomachi</strong></span> <span class='ocrx_word' id='word_1_267' title='bbox 776 3403 919 3483; x_wconf 92' lang='lat' dir='ltr'><strong>cibosque</strong></span> <span class='ocrx_word' id='word_1_268' title='bbox 947 3423 1053 3466; x_wconf 89' lang='lat' dir='ltr'><strong>omnes</strong></span> <span class='ocrx_word' id='word_1_269' title='bbox 1076 3404 1172 3485; x_wconf 87' lang='lat' dir='ltr'><strong>palam</strong></span> <span class='ocrx_word' id='word_1_270' title='bbox 1195 3405 1329 3479; x_wconf 89' lang='lat' dir='ltr'><strong>damnet;</strong></span> 
     </span>
     <span class='ocr_line' id='line_1_34' title="bbox 247 3489 1330 3570; baseline -0.002 -18"><span class='ocrx_word' id='word_1_271' title='bbox 247 3490 391 3570; x_wconf 89' lang='lat' dir='ltr'><strong>loquatur</strong></span> <span class='ocrx_word' id='word_1_272' title='bbox 405 3507 513 3552; x_wconf 87' lang='lat' dir='ltr'><strong>aurum</strong></span> <span class='ocrx_word' id='word_1_273' title='bbox 527 3499 557 3551; x_wconf 90' lang='lat' dir='ltr'><strong>et</strong></span> <span class='ocrx_word' id='word_1_274' title='bbox 571 3498 729 3570; x_wconf 88' lang='lat' dir='ltr'><strong>argentum</strong></span> <span class='ocrx_word' id='word_1_275' title='bbox 745 3489 915 3569; x_wconf 76' lang='lat' dir='ltr'><strong>fundosque</strong></span> <span class='ocrx_word' id='word_1_276' title='bbox 930 3491 1089 3552; x_wconf 90' lang='lat' dir='ltr'><strong>mendaces</strong></span> <span class='ocrx_word' id='word_1_277' title='bbox 1109 3498 1140 3551; x_wconf 90' lang='lat' dir='ltr'><strong>et</strong></span> <span class='ocrx_word' id='word_1_278' title='bbox 1154 3497 1330 3570; x_wconf 88' lang='lat' dir='ltr'><strong>perpetuam</strong></span> 
     </span>
     <span class='ocr_line' id='line_1_35' title="bbox 247 3574 1381 3655; baseline -0.003 -19"><span class='ocrx_word' id='word_1_279' title='bbox 247 3587 397 3637; x_wconf 84' lang='lat' dir='ltr'><strong>terrarum</strong></span> <span class='ocrx_word' id='word_1_280' title='bbox 412 3576 609 3652; x_wconf 81' lang='lat' dir='ltr'><strong>sterilitatem3</strong></span> <span class='ocrx_word' id='word_1_281' title='bbox 625 3574 726 3637; x_wconf 83' lang='lat' dir='ltr'><strong>sedeat</strong></span> <span class='ocrx_word' id='word_1_282' title='bbox 739 3584 894 3655; x_wconf 82' lang='lat' dir='ltr'><strong>praeterea</strong></span> <span class='ocrx_word' id='word_1_283' title='bbox 907 3576 1039 3655; x_wconf 89' lang='lat' dir='ltr'><strong>quotidie</strong></span> <span class='ocrx_word' id='word_1_284' title='bbox 1050 3575 1086 3637; x_wconf 95' lang='lat' dir='ltr'><strong>ad</strong></span> <span class='ocrx_word' id='word_1_285' title='bbox 1097 3575 1230 3637; x_wconf 86' lang='lat' dir='ltr'><strong>rationes</strong></span> <span class='ocrx_word' id='word_1_286' title='bbox 1243 3574 1329 3636; x_wconf 86' lang='lat' dir='ltr'><strong>tabu-</strong></span> <span class='ocrx_word' id='word_1_287' title='bbox 1352 3582 1381 3633; x_wconf 81' lang='lat'><strong>10</strong></span> 
     </span>
     <span class='ocr_line' id='line_1_36' title="bbox 247 3659 1329 3740; baseline 0 -19"><span class='ocrx_word' id='word_1_288' title='bbox 247 3660 353 3739; x_wconf 84' lang='lat' dir='ltr'><strong>lesque</strong></span> <span class='ocrx_word' id='word_1_289' title='bbox 368 3662 537 3724; x_wconf 87' lang='lat' dir='ltr'><strong>testamenti</strong></span> <span class='ocrx_word' id='word_1_290' title='bbox 550 3661 691 3724; x_wconf 90' lang='lat' dir='ltr'><strong>omnihus</strong></span> <span class='ocrx_word' id='word_1_291' title='bbox 701 3659 858 3723; x_wconf 68' lang='lat' dir='ltr'><strong>muetos</strong></span> <span class='ocrx_word' id='word_1_292' title='bbox 868 3670 1002 3723; x_wconf 89' lang='lat' dir='ltr'><strong>renovet.</strong></span> <span class='ocrx_word' id='word_1_293' title='bbox 1029 3671 1059 3723; x_wconf 93' lang='lat' dir='ltr'><strong>et</strong></span> <span class='ocrx_word' id='word_1_294' title='bbox 1070 3681 1109 3723; x_wconf 90' lang='lat' dir='ltr'><strong>ne</strong></span> <span class='ocrx_word' id='word_1_295' title='bbox 1121 3661 1192 3740; x_wconf 91' lang='lat' dir='ltr'><strong>quid</strong></span> <span class='ocrx_word' id='word_1_296' title='bbox 1204 3678 1329 3723; x_wconf 89' lang='lat' dir='ltr'><strong>scaenae</strong></span> 
     </span>
     <span class='ocr_line' id='line_1_37' title="bbox 201 3745 1352 3845; baseline -0.003 -36"><span class='ocrx_word' id='word_1_297' title='bbox 201 3755 225 3809; x_wconf 79' lang='lat' dir='ltr'><strong>u</strong></span> <span class='ocrx_word' id='word_1_298' title='bbox 245 3745 376 3827; x_wconf 85' lang='lat' dir='ltr'><strong>deesset,</strong></span> <span class='ocrx_word' id='word_1_299' title='bbox 391 3748 629 3827; x_wconf 89' lang='lat' dir='ltr'><strong>quotiescunque</strong></span> <span class='ocrx_word' id='word_1_300' title='bbox 639 3747 767 3825; x_wconf 89' lang='lat' dir='ltr'><strong>aliquem</strong></span> <span class='ocrx_word' id='word_1_301' title='bbox 780 3754 917 3808; x_wconf 86' lang='lat' dir='ltr'><strong>nostrum</strong></span> <span class='ocrx_word' id='word_1_302' title='bbox 929 3765 1036 3808; x_wconf 87' lang='lat' dir='ltr'><strong>vocare</strong></span> <span class='ocrx_word' id='word_1_303' title='bbox 1045 3755 1228 3845; x_wconf 84' lang='lat' dir='ltr'><strong>temptasset,</strong></span> <span class='ocrx_word' id='word_1_304' title='bbox 1239 3745 1352 3816; x_wconf 86' lang='lat' dir='ltr'><strong>alium</strong></span> 
     </span>
     <span class='ocr_line' id='line_1_38' title="bbox 246 3831 1329 3913; baseline -0.001 -21"><span class='ocrx_word' id='word_1_305' title='bbox 246 3849 305 3912; x_wconf 88' lang='lat' dir='ltr'><strong>pro</strong></span> <span class='ocrx_word' id='word_1_306' title='bbox 321 3831 379 3893; x_wconf 91' lang='lat' dir='ltr'><strong>alio</strong></span> <span class='ocrx_word' id='word_1_307' title='bbox 393 3841 522 3909; x_wconf 80' lang='lat' dir='ltr'><strong>uocaret,</strong></span> <span class='ocrx_word' id='word_1_308' title='bbox 537 3842 571 3894; x_wconf 89' lang='lat' dir='ltr'><strong>ut</strong></span> <span class='ocrx_word' id='word_1_309' title='bbox 585 3832 670 3894; x_wconf 84' lang='lat' dir='ltr'><strong>facile</strong></span> <span class='ocrx_word' id='word_1_310' title='bbox 690 3842 848 3913; x_wconf 89' lang='lat' dir='ltr'><strong>appareret</strong></span> <span class='ocrx_word' id='word_1_311' title='bbox 870 3832 1026 3894; x_wconf 88' lang='lat' dir='ltr'><strong>dominum</strong></span> <span class='ocrx_word' id='word_1_312' title='bbox 1042 3833 1129 3896; x_wconf 90' lang='lat' dir='ltr'><strong>etiam</strong></span> <span class='ocrx_word' id='word_1_313' title='bbox 1145 3850 1250 3893; x_wconf 88' lang='lat' dir='ltr'><strong>eorum</strong></span> <span class='ocrx_word' id='word_1_314' title='bbox 1265 3849 1329 3892; x_wconf 91' lang='lat' dir='ltr'><strong>me-</strong></span> 
     </span>
     <span class='ocr_line' id='line_1_39' title="bbox 247 3916 841 4000; baseline 0.002 -22"><span class='ocrx_word' id='word_1_315' title='bbox 247 3916 383 3992; x_wconf 90' lang='lat' dir='ltr'><strong>minisse,</strong></span> <span class='ocrx_word' id='word_1_316' title='bbox 398 3918 450 3996; x_wconf 93' lang='lat' dir='ltr'><strong>qui</strong></span> <span class='ocrx_word' id='word_1_317' title='bbox 465 3926 637 4000; x_wconf 85' lang='lat' dir='ltr'><strong>praesentas</strong></span> <span class='ocrx_word' id='word_1_318' title='bbox 654 3937 715 3980; x_wconf 92' lang='lat' dir='ltr'><strong>oon</strong></span> <span class='ocrx_word' id='word_1_319' title='bbox 731 3927 841 3979; x_wconf 91' lang='lat' dir='ltr'><strong>esseut.</strong></span> 
     </span>
    </p>
   </div>
   <div class='ocr_carea' id='block_1_4' title="bbox 243 4065 1330 4341">
    <p class='ocr_par' dir='ltr' id='par_1_4' title="bbox 243 4065 1330 4341">
     <span class='ocr_line' id='line_1_40' title="bbox 335 4065 1330 4149; baseline -0.005 -28"><span class='ocrx_word' id='word_1_320' title='bbox 335 4070 351 4121; x_wconf 79' lang='lat'><strong>5</strong></span> <span class='ocrx_word' id='word_1_321' title='bbox 370 4068 484 4149; x_wconf 80' lang='lat' dir='ltr'><strong>quidem]</strong></span> <span class='ocrx_word' id='word_1_322' title='bbox 503 4068 676 4120; x_wconf 79' lang='lat' dir='ltr'><strong>inserendum</strong></span> <span class='ocrx_word' id='word_1_323' title='bbox 692 4068 778 4136; x_wconf 90' lang='lat' dir='ltr'><strong>iuquit</strong></span> <span class='ocrx_word' id='word_1_324' title='bbox 790 4068 828 4136; x_wconf 78' lang='grc'><strong>17</strong></span> <span class='ocrx_word' id='word_1_325' title='bbox 846 4068 926 4119; x_wconf 89' lang='lat' dir='ltr'><strong>latins</strong></span> <span class='ocrx_word' id='word_1_326' title='bbox 940 4068 945 4133; x_wconf 94' lang='grc' dir='ltr'>Ι</span> <span class='ocrx_word' id='word_1_327' title='bbox 960 4081 1033 4149; x_wconf 83' lang='lat' dir='ltr'><strong>spem</strong></span> <span class='ocrx_word' id='word_1_328' title='bbox 1051 4065 1198 4128; x_wconf 75' lang='lat' dir='ltr'><strong>lancheim,</strong></span> <span class='ocrx_word' id='word_1_329' title='bbox 1224 4079 1330 4131; x_wconf 87' lang='lat' dir='ltr'><strong>operam</strong></span> 
     </span>
     <span class='ocr_line' id='line_1_41' title="bbox 245 4134 1329 4217; baseline -0.004 -28"><span class='ocrx_word' id='word_1_330' title='bbox 245 4136 355 4201; x_wconf 72' lang='lat' dir='ltr'><strong>Iunius,</strong></span> <span class='ocrx_word' id='word_1_331' title='bbox 371 4137 487 4204; x_wconf 87' lang='lat' dir='ltr'><strong>rapinam</strong></span> <span class='ocrx_word' id='word_1_332' title='bbox 505 4153 560 4217; x_wconf 42' lang='lat' dir='ltr'><strong>ego·</strong></span> <span class='ocrx_word' id='word_1_333' title='bbox 568 4140 670 4189; x_wconf 77' lang='lat' dir='ltr'><strong>coniaco</strong></span> <span class='ocrx_word' id='word_1_334' title='bbox 666 4136 838 4204; x_wconf 67' lang='lat' dir='ltr'><strong>{derigere</strong></span> <span class='ocrx_word' id='word_1_335' title='bbox 851 4138 1043 4188; x_wconf 78' lang='lat' dir='ltr'><strong>correctumin</strong></span> <span class='ocrx_word' id='word_1_336' title='bbox 1056 4134 1250 4200; x_wconf 74' lang='lat' dir='ltr'><strong>Scaliger-ono.-</strong></span> <span class='ocrx_word' id='word_1_337' title='bbox 1267 4136 1329 4186; x_wconf 80' lang='lat' dir='ltr'><strong>iun-</strong></span> 
     </span>
     <span class='ocr_line' id='line_1_42' title="bbox 243 4202 1329 4275; baseline -0.003 -18"><span class='ocrx_word' id='word_1_338' title='bbox 243 4204 368 4271; x_wconf 63' lang='lat' dir='ltr'><strong>gadaron</strong></span> <span class='ocrx_word' id='word_1_339' title='bbox 378 4206 495 4272; x_wconf 81' lang='lat' dir='ltr'><strong>exigeret</strong></span> <span class='ocrx_word' id='word_1_340' title='bbox 505 4204 611 4272; x_wconf 87' lang='lat' dir='ltr'><strong>rapinae</strong></span> <span class='ocrx_word' id='word_1_341' title='bbox 620 4203 729 4273; x_wconf 79' lang='lat' dir='ltr'><strong>comesfl</strong></span> <span class='ocrx_word' id='word_1_342' title='bbox 743 4206 774 4258; x_wconf 78' lang='lat'><strong>21</strong></span> <span class='ocrx_word' id='word_1_343' title='bbox 787 4202 946 4257; x_wconf 87' lang='lat' dir='ltr'><strong>condicimus</strong></span> <span class='ocrx_word' id='word_1_344' title='bbox 958 4202 970 4271; x_wconf 88' lang='grc' dir='ltr'>Ι</span> <span class='ocrx_word' id='word_1_345' title='bbox 982 4205 1014 4256; x_wconf 78' lang='grc'><strong>31</strong></span> <span class='ocrx_word' id='word_1_346' title='bbox 1028 4203 1115 4267; x_wconf 92' lang='lat' dir='ltr'><strong>modo]</strong></span> <span class='ocrx_word' id='word_1_347' title='bbox 1126 4202 1268 4275; x_wconf 79' lang='lat' dir='ltr'><strong>intercidit</strong></span> <span class='ocrx_word' id='word_1_348' title='bbox 1278 4202 1329 4254; x_wconf 79' lang='lat' dir='ltr'><strong>ali-</strong></span> 
     </span>
     <span class='ocr_line' id='line_1_43' title="bbox 245 4266 1288 4341; baseline -0.003 -15"><span class='ocrx_word' id='word_1_349' title='bbox 245 4272 325 4341; x_wconf 75' lang='lat' dir='ltr'><strong>quid,</strong></span> <span class='ocrx_word' id='word_1_350' title='bbox 341 4272 461 4335; x_wconf 75' lang='lat' dir='ltr'><strong>[ortam</strong></span> <span class='ocrx_word' id='word_1_351' title='bbox 477 4273 556 4328; x_wconf 89' lang='lat' dir='ltr'><strong>modo</strong></span> <span class='ocrx_word' id='word_1_352' title='bbox 574 4271 812 4341; x_wconf 76' lang='lat' dir='ltr'><strong>adstrictiorisl33</strong></span> <span class='ocrx_word' id='word_1_353' title='bbox 830 4270 980 4324; x_wconf 81' lang='lat' dir='ltr'><strong>felicitatem</strong></span> <span class='ocrx_word' id='word_1_354' title='bbox 998 4266 1231 4337; x_wconf 74' lang='lat' dir='ltr'><strong>Scaliger-anus</strong></span> <span class='ocrx_word' id='word_1_355' title='bbox 1252 4309 1256 4324; x_wconf 77' lang='lat'><em>‚</em></span> <span class='ocrx_word' id='word_1_356' title='bbox 1284 4327 1288 4332; x_wconf 63' lang='grc'><strong>,</strong></span> 
     </span>
    </p>
   </div>
   <div class='ocr_carea' id='block_1_5' title="bbox 1121 4356 1158 4409">
    <p class='ocr_par' dir='ltr' id='par_1_5' title="bbox 1121 4356 1158 4409">
     <span class='ocr_line' id='line_1_44' title="bbox 1121 4356 1158 4409; baseline 0 -20"><span class='ocrx_word' id='word_1_357' title='bbox 1121 4356 1158 4409; x_wconf 62' lang='grc'><strong>6*</strong></span> 
     </span>
    </p>
   </div>
   <div class='ocr_carea' id='block_1_6' title="bbox 0 0 1714 4934">
    <p class='ocr_par' dir='ltr' id='par_1_6' title="bbox 0 0 1714 4934">
     <span class='ocr_line' id='line_1_45' title="bbox 0 0 1714 4934; baseline 0 1"><span class='ocrx_word' id='word_1_358' title='bbox 0 0 1714 4934; x_wconf 95' lang='lat' dir='ltr'><strong> </strong></span> 
     </span>
    </p>
   </div>
  </div>
 </body>
</html>
