3417 4934
837 428 992 484 emacuit

495 602 689 681 sanguineam
703 601 829 663 tremula
846 601 995 681 quatiebat
1010 601 1143 681 lampada
1158 600 1271 664 dextra.

493 686 568 748 haec
583 695 616 748 nt
630 687 732 768 Cocyti
745 687 885 749 tenebras
900 696 929 749 et
943 687 1064 749 Tartara
1081 687 1175 767 liquit,

494 771 551 833 alta
566 773 641 852 petit
655 772 794 853 gradiens
809 774 879 852 iuga
893 772 1003 835 nobilis
1018 773 1202 854 Appennini,

429 866 473 917 tao
495 857 576 918 unde
591 876 696 919 omnes
710 867 805 921 terras
819 869 909 938 atque
924 859 1025 920 omnia
1039 859 1126 920 litora
1142 869 1243 937 posset

496 942 630 1021 aspicere
645 962 680 1005 ac
695 952 757 1005 toto
773 944 923 1005 fluitantes
939 943 1012 1005 orbe
1028 954 1168 1016 catervas,

494 1036 582 1107 atque
597 1028 652 1090 bas
665 1030 795 1110 erumpit
809 1028 972 1091 furibundo
987 1038 1110 1109 pectore
1124 1047 1228 1091 voces:

494 1114 621 1175 “sumite
636 1131 719 1176 nunc
733 1123 839 1194 gentes
853 1115 987 1177 accensis
1001 1114 1152 1177 mentibus
1166 1132 1259 1188 mma,

493 1198 601 1260 sumite
616 1207 646 1261 et
659 1199 692 1261 in
708 1199 819 1261 medias
834 1200 983 1262 immittite
998 1200 1148 1280 lampadas
1162 1198 1264 1262 urbes.

429 1291 472 1344 285
493 1283 640 1360 vincetur,
656 1284 828 1365 quicunque
843 1285 930 1359 latet3
946 1304 1008 1346 non
1024 1285 1135 1347 femina
1150 1294 1257 1359 cesset,

495 1387 556 1430 non
571 1387 647 1449 puer
662 1379 712 1431 aut
726 1388 797 1431 aevo
813 1370 871 1431 iam
886 1370 1016 1432 desolata
1030 1379 1185 1443 senectus;

493 1454 555 1534 ipsa
571 1463 679 1516 tremat
694 1454 781 1517 tellus
796 1454 984 1535 lacerataque
1000 1465 1076 1518 tecta
1091 1454 1248 1517 rebellent.

492 1549 524 1600 tu
540 1539 646 1619 legem,
663 1540 810 1616 llarcelle,
826 1549 906 1603 tene.
936 1551 969 1602 tu
984 1550 1114 1604 concute
1128 1540 1257 1620 plebem,

494 1624 593 1687 Curio.
620 1634 654 1686 tu
670 1626 777 1687 fortem
793 1646 832 1688 ne
847 1627 1012 1707 supprime,
1027 1626 1165 1701 Lentule,
1181 1625 1315 1688 lfartern.

427 1718 471 1769 290
494 1709 564 1788 qnid
579 1728 672 1789 porro
687 1719 729 1788 tu,
745 1711 819 1785 dire,
836 1712 897 1774 tuis
911 1712 1063 1773 cunctaris
1077 1712 1109 1772 in
1124 1712 1224 1784 armis,

494 1813 555 1855 non
573 1795 685 1875 frangis
700 1805 810 1877 portas,
826 1816 890 1858 non
905 1797 999 1858 muris
1014 1796 1123 1876 oppida
1138 1796 1227 1858 solvis

492 1879 708 1960 thesaurosque
723 1880 825 1962 rapis?
840 1883 939 1944 nescis
954 1891 996 1957 tu,
1012 1881 1130 1961 blegne,
1145 1882 1224 1942 tueri

492 1964 641 2027 Romanas
655 1965 762 2028 arces?
777 1966 936 2047 Epidamni
950 1968 1068 2029 moenia
1084 1984 1195 2047 quaero

492 2048 736 2130 Thessalicosque
751 2052 836 2113 sinus
850 2052 982 2114 humano
997 2054 1145 2132 sanguine
1159 2049 1293 2131 tinguo.''

425 2142 469 2195 tto
531 2136 644 2197 factum
659 2137 748 2198 estin
763 2138 861 2211 terris,
877 2137 1018 2217 quicquid
1033 2138 1184 2200 Discordia
1199 2133 1294 2199 iussit’

893 2242 911 2280 2

324 2313 339 2363 t
447 2322 516 2366 curn
544 2306 617 2367 haec
646 2304 811 2387 Eumolpos
837 2307 953 2386 ingenti
980 2308 1162 2370 volubilitate
1184 2305 1348 2369 verborum
1369 2304 1436 2367 effu·

364 2390 463 2463 disset,
479 2391 599 2454 tandem
611 2391 742 2454 Crotona
754 2393 938 2455 intravimus.
970 2393 1021 2455 ubi
1033 2394 1152 2473 quidem
1166 2410 1258 2472 parvo
1273 2390 1436 2454 deversorio

363 2476 476 2551 refecti,
492 2486 613 2557 postero
629 2478 676 2539 die
690 2477 843 2557 amplioris
858 2480 995 2540 fortunae
1007 2478 1128 2541 domurn
1144 2475 1438 2558 quaerentesincidi·

362 2581 429 2625 mus
443 2562 474 2624 in
495 2562 613 2624 turbam
632 2563 873 2644 heredipetarum
894 2563 1118 2639 sciscitantium,
1138 2562 1217 2643 quod
1232 2581 1332 2643 genus
1346 2562 1436 2625 homi·

324 2656 339 2705 3
361 2665 434 2709 num
450 2657 501 2709 aut
514 2649 595 2711 unde
607 2648 787 2711 veniremus.
814 2667 850 2711 ex
861 2649 1046 2729 praescripto
1060 2666 1131 2729 ergo
1144 2648 1260 2711 consilii
1273 2648 1438 2711 communie
1454 2657 1465 2708 ⁵

361 2743 536 2814 exaggerata
557 2734 717 2796 verborum
736 2733 929 2810 volubilitate,
951 2735 1032 2797 unde
1054 2744 1104 2796 aut
1126 2734 1177 2815 qui
1197 2751 1342 2810 essemus,
1363 2733 1438 2796 haud

361 2817 451 2879 dubie
473 2819 666 2881 credentibus
691 2819 894 2887 indicavimus.
916 2819 921 2903 l
941 2820 992 2899 qui
1014 2821 1112 2882 statim
1135 2838 1208 2900 opes
1230 2835 1300 2882 suas
1320 2824 1468 2882 summol

360 2921 428 2965 cum
444 2904 607 2965 certamine
622 2904 653 2964 in
669 2902 849 2983 Eumolpum
866 2915 1094 2984 congesserunt.

323 2998 338 3047 t
396 3072 427 3134 lh
445 2989 580 3050 certatim
598 3006 704 3051 omnes
729 2988 919 3070 heredipetae
946 2990 1123 3053 muneribus
1148 2990 1273 3069 gratiam
1301 2989 1438 3072 Eumolpi

361 3091 394 3135 so
420 3074 522 3134 'citant
1456 3083 1475 3135 tt

1473 829 1475 900 l

895 3181 911 3217 ᾖ

291 3236 354 3307 125
447 3242 517 3303 dum
531 3244 605 3305 haec
620 3261 730 3323 magno
744 3253 880 3325 ternpore
896 3244 1027 3306 Crotone
1041 3252 1172 3325 aguntur

360 3337 390 3390 et
404 3326 571 3409 Eumolpus
592 3329 731 3392 felicitate
753 3329 862 3411 plenus
883 3328 992 3409 prioris
1007 3329 1145 3391 fortunae
1160 3337 1239 3391 esset
1254 3327 1367 3393 oblitus
1381 3340 1438 3393 sta-

358 3423 422 3475 tum
445 3414 535 3489 adeo,
564 3422 600 3476 ut
624 3415 687 3477 suis
715 3416 852 3489 iactaret,
881 3414 1032 3477 neminem
1061 3414 1172 3495 gratiae
1192 3430 1264 3476 snae
1286 3414 1328 3477 ibi
1351 3434 1438 3497 posse

359 3499 498 3561 resistere
513 3500 697 3580 impuneque
711 3518 791 3574 suos,
806 3500 831 3563 si
847 3500 919 3580 quid
934 3499 1130 3580 deliquissent
1149 3500 1180 3561 in
1196 3517 1230 3560 ea
1245 3499 1331 3575 urbe,
1348 3500 1439 3564 bene·

321 3595 337 3646 t
358 3584 425 3647 flcio
437 3584 600 3647 amicorum
612 3585 734 3648 laturos.
750 3594 884 3648 ceterum
896 3604 962 3666 ego,
974 3586 1029 3648 etsi
1042 3586 1172 3666 quotidie
1183 3585 1276 3665 magis
1286 3588 1440 3667 magisque
1457 3593 1475 3647 n·

360 3670 614 3751 superfluentibus
638 3670 728 3733 bonis
748 3671 915 3751 saginatum
937 3689 1049 3750 corpus
1069 3670 1259 3749 impleveram
1280 3672 1438 3752 putabam·

358 3775 417 3837 que
439 3774 456 3817 a
478 3754 611 3819 custodia
632 3757 691 3818 mei
717 3758 878 3819 removisse
905 3757 1018 3818 vultum
1041 3755 1222 3831 Fortunam,
1248 3764 1351 3819 tamen
1374 3778 1438 3821 sae·

320 3852 337 3901 a
358 3842 426 3923 pius
441 3850 500 3904 tam
512 3841 762 3903 consuetudinem
774 3860 870 3903 meam
882 3840 1047 3921 cogitabam
1060 3856 1149 3919 quam
1164 3857 1294 3918 causam,
1306 3852 1337 3905 ot
1348 3842 1438 3924 ‘quid’

443 3996 493 4047 ttv
512 3992 653 4059 sanguinea
672 3992 807 4045 tremulam
825 3992 975 4045 sambucus
994 3990 1005 4059 Ι
1025 3990 1076 4042 293
1101 3989 1171 4042 acies
1186 3992 1190 4052 Ι
1206 3993 1309 4046 nomina
1330 3993 1439 4063 01294

357 4060 474 4115 Romano
495 4060 711 4128 enneaconta
730 4060 844 4128 quidem]
862 4063 928 4113 haec
944 4064 972 4112 et
985 4060 1115 4125 prociona
1133 4056 1283 4124 depravato
1300 4064 1333 4114 ab
1351 4067 1437 4131 epito-

356 4134 461 4182 mctm
477 4130 612 4182 videatur.
643 4131 688 4181 ht'c
708 4128 790 4196 pridie
813 4130 948 4195 Heinsius,
966 4130 983 4182 d
1000 4132 1028 4178 ct
1050 4125 1094 4194 qnl
1112 4125 1267 4181 Str-efflatus
1286 4129 1297 4198 Ι
1320 4132 1354 4186 13
1371 4133 1437 4199 anis]

357 4197 466 4251 subinde
484 4199 630 4265 Iocabatur,
649 4197 753 4265 saepius
769 4197 841 4263 egel
857 4201 887 4251 lv
906 4202 960 4250 tum
978 4192 1173 4259 Scaligercnus
