3417 4934
367 493 405 550 12
825 491 981 546 Peruenit

326 677 341 727 4
361 666 399 728 sit
421 684 455 727 ac
477 663 648 745 diligentius
670 664 860 728 considerare
883 664 1004 745 pallium
1020 665 1128 746 coepit.
1165 665 1291 728 invicem
1307 664 1446 746 Ascyltos
1464 671 1486 728 l

363 752 465 814 iniecit
481 750 764 831 contemplationem
779 770 871 832 super
886 769 1005 814 umeros
1021 751 1123 830 rustici
1140 752 1283 831 emptoris
1297 770 1332 813 ac
1343 752 1445 815 subito

328 847 343 896 5
365 837 551 899 exanimatus
573 835 727 898 conticuit.
765 855 800 899 ao
815 857 854 900 ne
869 837 934 917 ipse
950 836 1069 916 quidem
1084 837 1148 900 sine
1164 837 1263 918 aliquo
1279 846 1362 899 motu
1387 839 1444 901 ho·

362 923 475 985 minem
491 922 645 1002 conspexi,
668 941 738 984 nam
752 922 906 985 ridebatur
921 923 970 985 ille
993 922 1064 984 mihi
1086 942 1161 998 esse,
1185 924 1236 1003 qni
1254 923 1388 986 tunicam
1410 924 1441 985 in

325 1018 340 1066 6
364 1008 524 1071 solitudine
539 1008 703 1070 invenerat.
726 1009 815 1088 plane
824 1008 850 1070 is
861 1009 925 1089 ipse
936 1017 1008 1069 erat.
1031 1008 1082 1070 sed
1096 1027 1163 1070 eum
1175 1009 1312 1091 Ascyltos
1324 1010 1445 1072 timeret
1467 1023 1482 1072 t

364 1095 451 1155 fidem
468 1093 634 1170 oculorum,
659 1113 697 1154 ne
713 1094 784 1173 quid
800 1102 912 1155 temere
928 1094 1051 1167 iaceret,
1068 1095 1151 1174 prius
1166 1103 1307 1174 tanquam
1324 1106 1445 1175 emptor

362 1181 487 1260 propius
503 1180 628 1242 accessit
643 1180 829 1259 detraxitque
845 1180 957 1242 umeris
971 1179 1108 1242 laciniam
1121 1189 1151 1242 et
1162 1179 1333 1261 diligentius
1343 1189 1443 1262 temp-

311 1259 353 1327 13
363 1266 443 1327 tavit.
467 1285 485 1327 o
501 1266 600 1328 lusum
614 1265 753 1328 fortunae
768 1264 944 1328 mirabilem.
971 1284 1040 1327 uam
1055 1265 1150 1327 adhuc
1166 1285 1222 1335 neo
1237 1275 1358 1329 suturae
1373 1268 1443 1346 qui-

361 1353 427 1414 dem
456 1350 595 1413 attulerat
622 1352 751 1415 rusticus
779 1352 913 1414 curiosas
939 1370 1054 1432 manus,
1085 1363 1114 1413 et
1140 1360 1281 1431 tanquam
1310 1353 1441 1415 mendici

323 1446 338 1496 2
359 1437 488 1518 spolium
503 1437 591 1500 etiam
606 1437 756 1499 fastidiose
771 1436 950 1499 venditabat.
987 1437 1121 1518 Ascyltos
1143 1447 1298 1517 postquam
1319 1439 1439 1518 deposi-
1461 1449 1504 1500 to·

361 1532 424 1586 tum
440 1542 505 1586 esse
528 1522 699 1584 inviolatum
723 1523 794 1585 vidit
816 1532 846 1586 et
867 1541 1027 1603 personam
1050 1523 1206 1586 vendentis
1228 1531 1442 1608 contemptam,

361 1609 478 1672 seduxit
493 1627 541 1670 me
564 1608 716 1689 paululum
740 1627 757 1669 a
778 1609 866 1671 turba
890 1616 919 1670 et
935 1608 1012 1671 ‘scis'
1027 1609 1125 1687 inquit
1140 1609 1250 1684 irater,
1267 1610 1388 1674 rediisse
1403 1611 1440 1671 ad
1512 1631 1516 1648 ⁴

324 1705 338 1753 3
361 1714 417 1757 nos
433 1696 603 1756 thesaurum
620 1693 657 1755 de
673 1713 732 1773 quo
749 1692 920 1774 querebar?
944 1695 992 1756 illa
1009 1703 1053 1756 est
1067 1695 1200 1757 tunicula
1216 1695 1322 1771 adhuc,
1339 1703 1372 1758 ut
1386 1714 1439 1776 ap·
1510 1665 1516 1789 l

361 1789 455 1861 paret,
478 1780 597 1842 intactis
619 1780 716 1841 aureis
738 1781 835 1860 plena.
874 1779 945 1859 quid
969 1799 1040 1859 ergo
1065 1780 1197 1857 iacimus,
1220 1792 1271 1843 aut
1293 1800 1353 1862 quo
1372 1781 1439 1843 iure
1513 1799 1516 1840 τ

359 1883 422 1927 rem
439 1874 570 1927 nostram
585 1864 800 1928 vindicamusl’
1458 1876 1485 1927 tt
1511 1849 1516 1940 l

322 1962 337 2011 t
445 1951 621 2013 exhilaratos
644 1970 700 2030 ego
724 1971 785 2013 non
809 1960 926 2012 tantum
950 1951 1019 2030 quia
1045 1952 1185 2031 praedam
1211 1950 1357 2026 videbam,
1386 1952 1437 2013 sed
1508 1949 1516 2030 ξ

360 2036 448 2098 etiam
464 2036 543 2116 quod
559 2038 678 2098 fortuna
693 2056 742 2098 me
757 2056 772 2098 a
790 2037 959 2117 turpissima
974 2038 1147 2116 suspicione
1159 2037 1318 2121 dimiserat,
1334 2037 1438 2115 negavi
1514 2041 1516 2096 ζ

359 2122 486 2185 circuitu
502 2123 660 2202 agendum,
676 2122 727 2185 sed
739 2123 827 2203 plane
839 2124 905 2184 iure
917 2122 993 2184 civili
1006 2122 1214 2196 dimicandum,
1231 2131 1264 2183 ut
1281 2123 1305 2183 si
1324 2122 1439 2185 nollent
1511 2121 1516 2206 ξ

359 2207 485 2269 alienam
501 2226 563 2269 rem
579 2208 701 2273 domino
718 2209 851 2283 reddere,
868 2208 904 2268 ad
919 2208 1109 2269 interdictum
1125 2208 1272 2269 venirent.
1514 2213 1516 2224 “

308 2288 350 2356 14
445 2302 549 2355 contra
565 2295 698 2374 Ascyltos
713 2294 794 2374 leges
809 2292 933 2355 timebat
947 2302 976 2355 et
992 2292 1078 2371 ‘quis’
1093 2291 1190 2355 aiebat
1205 2292 1354 2355 ‘hocloco
1377 2312 1434 2355 nos
1456 2304 1485 2354 tt

359 2380 450 2453 novit,
462 2389 513 2441 aut
525 2379 591 2459 quis
602 2378 901 2442 habebitdiceutibus
911 2376 1022 2439 tidem?
1037 2379 1109 2440 mihi
1122 2379 1210 2459 plane
1221 2379 1318 2459 placet
1326 2397 1435 2460 emere,
1513 2371 1516 2438 ἔ

360 2466 492 2544 quamvis
507 2473 644 2528 nostrum
659 2465 706 2541 sit,
723 2466 803 2546 quod
815 2464 1015 2544 agnoscimus,
1028 2473 1058 2526 et
1068 2483 1160 2545 parvo
1176 2483 1244 2527 aere
1259 2483 1437 2547 recuperare
1515 2518 1516 2525 ,

359 2551 458 2632 potins
473 2552 655 2636 thesaurum,
671 2570 758 2631 quam
775 2551 806 2613 iu
823 2550 992 2629 ambiguam
1007 2550 1089 2613 litem
1103 2551 1299 2614 descendere:

320 2646 334 2694 2
485 2636 490 2720 Ι
510 2637 581 2716 quid
598 2638 707 2699 iaciant
721 2638 811 2718 leges,
827 2636 880 2698 ubi
894 2636 956 2699 sola
971 2637 1100 2716 pecunia
1114 2646 1228 2715 regnat,
1448 2634 1495 2686 Lo

527 2732 577 2786 aut
593 2723 643 2785 nbi
658 2731 818 2803 paupertas
833 2723 954 2783 vincere
970 2723 1051 2783 nulla
1065 2720 1185 2802 potest?

485 2808 542 2888 ipsi
558 2809 609 2888 qui
624 2807 733 2890 Cynica
744 2808 910 2875 ‚traducunt
924 2816 1060 2887 tempora
1074 2825 1156 2886 pera,

529 2913 590 2955 non
608 2911 761 2971 nunquam
778 2892 908 2953 nummis
922 2892 1052 2953 rendere
1067 2909 1136 2954 vera
1150 2891 1258 2953 solent.

486 2996 557 3057 ergo
573 2978 715 3040 iudicium
733 2977 806 3039 nihil
822 2986 868 3039 est
884 2976 940 3038 uisi
957 2976 1075 3057 publica
1091 2996 1216 3052 merces,

529 3073 618 3143 atquc
634 3082 726 3143 eques
741 3062 773 3123 in
789 3080 877 3124 eausa
893 3061 944 3141 qni
958 3063 1049 3138 sedet,
1067 3071 1164 3143 empta
1178 3060 1306 3143 probat’
1515 3121 1516 3128 ,

319 3160 334 3209 a
460 3146 466 3227 Ι
485 3147 536 3210 sed
560 3157 678 3228 praeter
700 3168 794 3212 unum
811 3148 997 3228 dipondium,
1013 3166 1073 3228 quo
1089 3149 1169 3211 cicer
1190 3148 1370 3227 lupinosque
1383 3147 1435 3210 de·
1460 3140 1516 3200 3⁰1

320 3246 334 3295 4
356 3232 570 3297 stipaveramus
593 3235 727 3309 mercari,
752 3234 826 3297 nihil
847 3232 883 3294 ad
899 3252 1020 3295 manum
1036 3244 1109 3300 erat
1146 3235 1246 3314 itaque
1262 3253 1300 3296 ne
1315 3232 1436 3296 interim

358 3318 466 3399 praedo
491 3320 665 3395 discederet,
687 3321 734 3382 rel
749 3320 875 3381 minoris
896 3319 1017 3399 pallium
1040 3320 1177 3382 addicere
1194 3319 1307 3400 placuit
1322 3328 1352 3379 et
1366 3336 1437 3401 pre·

320 3418 335 3466 5
357 3405 431 3467 tium
446 3405 567 3467 maioris
583 3405 753 3486 compendii
767 3406 910 3468 leviorem
925 3406 1023 3467 iacere
1039 3406 1191 3467 iacturam.
1222 3424 1289 3467 cum
1307 3406 1436 3484 primum

357 3508 430 3570 ergo
452 3491 649 3571 explicuimus
664 3510 803 3566 meroem,
827 3491 934 3552 mulier
956 3499 1062 3571 operto
1078 3493 1186 3572 capite,
1210 3509 1369 3571 quaecum
1384 3508 1436 3551 ru-

357 3576 431 3639 stico
454 3583 585 3652 steterat,
608 3578 750 3658 inspectis
773 3577 945 3658 diligentins
962 3578 1055 3657 signis
1070 3578 1173 3640 iniecit
1188 3588 1344 3657 utramque
1366 3576 1435 3637 laci·
1461 3583 1493 3633 35

358 3663 424 3725 niae
439 3681 561 3724 manum
577 3682 743 3743 magnaque
758 3662 971 3725 vociferatione
988 3662 1138 3725 ‘latrones'
1152 3658 1277 3749 [tenere]
1289 3662 1434 3724 clamavit.

319 3759 334 3807 6
357 3757 464 3810 contra
479 3768 535 3811 uos
550 3749 726 3829 perturbati,
750 3769 788 3812 ne
802 3748 970 3811 videremur
985 3749 1059 3812 nihil
1075 3768 1173 3830 agere,
1196 3758 1225 3810 et
1243 3749 1299 3828 ipsi
1314 3747 1435 3809 scissam

444 3870 459 3920 2
477 3870 543 3918 doec
564 3868 634 3917 mole
652 3870 800 3917 contracto.
836 3867 958 3919 Petronii
976 3870 1074 3931 opinor
1091 3865 1176 3928 futare
1200 3864 1302 3917 tunicae
1321 3870 1436 3915 contem·

358 3935 472 4000 plotlone
490 3937 600 3988 iniectae
613 3950 691 4001 super
703 3950 806 3987 umeros
818 3936 907 3986 rustici
921 3935 931 4001 Ι
944 3938 958 3985 l
978 3935 1083 4002 tenuit!
1096 3938 1112 3988 8
1124 3934 1225 3987 loturae
1238 3937 1287 3982 out
1299 3931 1408 3983 furtivae
1426 3930 1435 4000 ΙΙ

358 4005 374 4055 9
392 4004 439 4055 sed
462 4005 472 4072 ss
495 4007 525 4058 18
544 4003 626 4056 nollet
649 4002 659 4071 l
684 4006 715 4057 19
733 4005 832 4055 veniret
852 4002 862 4071 ΙΙ
885 4005 918 4056 24
936 4005 986 4054 ltoc
1004 4019 1113 4055 carmen
1131 4003 1196 4054 libri
1210 4001 1294 4067 poulo
1311 4002 1436 4065 superaus

357 4071 526 4124 collocarunt
541 4076 604 4140 port
620 4070 721 4123 veniret
741 4074 772 4125 19
784 4070 794 4139 ss
808 4073 842 4123 26
854 4087 910 4123 cera
924 4070 979 4138 127
998 4073 1076 4124 verba
1090 4071 1176 4122 solent
1188 4084 1273 4121 emere
1293 4068 1313 4118 0
1326 4066 1337 4136 l
1349 4072 1381 4122 30
1394 4068 1434 4119 di·

356 4140 479 4205 pondium
498 4141 561 4194 sicel
579 4140 736 4207 lupinosque
754 4139 848 4207 quibus
866 4139 1095 4192 destinaveramus.
1129 4140 1256 4190 amatio
1274 4140 1414 4203 amputato
1425 4134 1435 4205 ΙΙ

357 4211 387 4262 31
408 4210 495 4277 itaque
514 4210 579 4261 libri
591 4213 658 4276 post
675 4207 818 4261 discederet
835 4207 1026 4277 collocarunt!
1045 4209 1077 4260 32
1096 4209 1132 4272 et]
1149 4213 1179 4261 nt
1192 4209 1248 4277 133
1266 4205 1364 4258 iaceret
1382 4221 1434 4271 quo

348 4281 459 4329 malo
478 4276 633 4331 Gronovius
649 4276 733 4330 levior
751 4282 776 4329 et
794 4275 914 4347 ioctnral
928 4278 962 4330 34
979 4284 1068 4344 aperto
