3417 4934
360 480 423 540 100
822 478 977 535 Perdunt!

359 656 390 717 in
407 652 546 716 iniuriam
560 652 698 733 vigilavit,
712 670 759 714 nn
783 660 945 715 contentus
961 653 1017 714 luit
1030 652 1118 715 vidua
1138 654 1308 736 pudicaque
1322 650 1467 719 unctel'bt

321 749 336 799 2
358 739 455 819 tetigit
469 756 545 818 puer
563 738 666 801 oculos
686 756 757 801 suos
772 738 1071 818 conceptissimisque
1092 738 1198 801 iurarit
1217 739 1317 804 verbis
1332 740 1427 806 sihiab

361 824 478 905 Ascylto
494 822 607 885 nullam
622 824 679 884 vim
696 824 805 885 lactem

401 994 561 1140 ρῗῆἰῑοᾳιὲο
574 992 606 1055 in
622 993 820 1139 liginehgenu
835 992 879 1054 sic
893 932 1070 1073 deprecatus
1084 1011 1150 1140 sqm
1166 995 1292 1093 numina
1307 1014 1405 1059 versu:

321 1090 369 1139 ³⁴
422 1095 654 1225 collinit„
669 1095 1106 1244 lnzdtltlhrl‘ctt
1119 1080 1191 1141 ⁰¹³³
1205 1079 1302 1143 ”¹⁰⁰⁰
1440 1090 1451 1142 ⁵

422 1249 472 1311 cui
486 1248 599 1312 Lesbos
612 1247 772 1328 viridisque
787 1247 910 1324 Thasos,
925 1266 1014 1328 quem
1029 1248 1129 1329 Lydus
1143 1250 1248 1312 adorat

421 1332 1263 1500 {littllltcllllltdtllltllllttl²

1201 1464 1210 1495 l

423 1514 453 1568 ct
466 1504 585 1567 timidas
599 1503 719 1566 admitte
734 1521 850 1583 preces.
881 1522 943 1565 non
959 1504 1106 1584 sanguine
1120 1504 1199 1567 tristi
1439 1511 1459 1567 n

421 1591 561 1671 perfusus
574 1589 672 1662 renio,
687 1608 750 1650 non
765 1588 884 1669 templis
898 1589 1008 1669 impius
1022 1589 1116 1651 hostis
1241 1603 1244 1608 ·

422 1674 537 1736 admovi
551 1676 694 1749 dextram,
709 1674 761 1735 sed
776 1673 865 1754 inops
880 1682 911 1735 et
924 1673 1015 1736 rebus
1031 1675 1133 1754 egenis

423 1760 540 1821 attritus
555 1759 672 1821 facinus
687 1777 748 1820 non
765 1767 829 1820 toto
845 1776 972 1839 corpore
987 1760 1055 1820 leci.

380 1855 409 1907 10
424 1844 559 1926 quisquis
573 1851 678 1924 peccat
693 1844 791 1924 inops,
807 1844 907 1905 minor
921 1851 967 1906 ast
980 1863 1061 1907 reus.
1088 1839 1147 1905 hac
1162 1863 1251 1925 prece
1266 1863 1385 1926 quaeso,

422 1948 552 1992 exonera
565 1937 695 1991 mantem
712 1929 878 2009 culpaeque
892 1929 1015 2007 ignosce
1029 1929 1149 2003 minori,
1441 1937 1471 2006 tl¹

423 2025 453 2077 et
467 2014 649 2095 quandoque
664 2014 737 2075 mihi
752 2015 890 2076 fortunae
905 2014 1037 2077 arriserit
1051 2014 1134 2090 hora,

423 2120 484 2163 nou
499 2100 566 2162 sine
580 2100 696 2161 honore
710 2107 796 2161 tuum
811 2099 905 2179 patiar
919 2099 1018 2162 dacus.
1050 2099 1105 2161 ibit
1119 2100 1156 2161 ad
1171 2118 1248 2176 aras,

421 2194 533 2260 sancte,
548 2192 614 2246 tuas
628 2184 738 2259 hircus,
754 2184 872 2264 pecoris
887 2192 981 2264 pater,
997 2184 1051 2247 ibit
1063 2184 1099 2246 ad
1114 2204 1181 2248 aras

421 2270 561 2349 corniger
576 2277 606 2331 at
620 2270 762 2349 querulae
777 2271 854 2332 lctus
868 2269 939 2344 suis,
954 2270 1050 2332 hostia
1064 2270 1187 2335 lactens.

421 2356 572 2437 spumabit
587 2355 698 2435 pateris
712 2355 828 2417 hornus
842 2354 950 2434 hquor,
966 2365 997 2418 et
1010 2366 1057 2417 ter
1071 2363 1207 2418 orantem
1444 2362 1465 2415 n

422 2445 499 2504 circa
515 2438 673 2504 delubrum
688 2458 824 2521 grassum
839 2442 916 2502 leret
929 2439 1012 2502 ebria
1026 2437 1132 2521 puhes’

320 2621 335 2670 4
443 2613 514 2674 dum
529 2613 603 2675 haec
619 2629 674 2691 ago
691 2629 822 2691 curaque
837 2550 951 2673 sollbrd
966 2609 1100 2691 deposito
1115 2629 1183 2672 meo
1202 2627 1304 2692 carco,
1320 2610 1434 2673 intrarit

358 2697 516 2760 delubrum
532 2716 608 2760 anus
623 2696 760 2759 laceratis
775 2695 910 2759 crinibus
926 2696 1071 2777 nigraque
1081 2704 1163 2758 veste
1174 2696 1328 2772 deformis,
1343 2705 1435 2759 extra·

359 2801 417 2862 qua
431 2782 611 2846 vestibulum
625 2800 674 2843 me
691 2781 800 2843 iniecta
814 2798 905 2843 mauu
921 2781 1005 2843 duxit

896 2890 914 2927 ἢ

291 2945 355 3015 134
444 2958 531 3032 ‘quae
546 2951 652 3030 striges
666 2950 864 3013 comederunt
878 2968 986 3012 neuros
1001 2960 1078 3024 tuos,
1094 2958 1145 3013 aut
1159 2950 1240 3031 quod
1255 2969 1435 3032 purgamen·
1452 2960 1474 3013 2⁵

320 3046 335 3095 2
357 3047 420 3098 tum
437 3043 525 3098 nocte
541 3035 659 3097 calcasti
674 3035 705 3096 in
728 3034 815 3097 trivio
837 3043 889 3098 aut
910 3034 1055 3097 cadaver?
1078 3056 1117 3098 ne
1132 3055 1147 3097 a
1163 3053 1258 3116 puero
1273 3037 1396 3117 quidem
1411 3046 1437 3097 tc

359 3121 523 3195 vindicasti,
539 3120 590 3182 sed
606 3119 712 3194 mollis,
734 3119 848 3194 debilis,
867 3121 971 3196 lassus,
990 3129 1131 3201 tauquam
1153 3121 1285 3183 caballus
1307 3122 1339 3183 in
1356 3122 1438 3195 cliro,

358 3216 389 3269 et
410 3224 530 3287 operam
554 3213 584 3267 et
605 3205 745 3267 sudorem
767 3205 930 3285 perdidisti.
962 3225 1018 3268 nec
1039 3214 1202 3269 contentus
1223 3206 1289 3287 ipse
1304 3225 1440 3287 peccare,

359 3291 430 3354 mihi
446 3292 518 3354 deos
533 3291 624 3354 iratos
639 3288 781 3353 excitasti’

894 3399 912 3433 t

320 3472 335 3521 3
440 3457 444 3544 Ι
465 3480 561 3522 acme
578 3461 686 3523 iterum
701 3461 732 3523 iu
756 3461 861 3523 cellam
883 3462 1044 3524 sacerdotis
1068 3460 1141 3523 nihil
1163 3469 1354 3524 recusantem
1370 3473 1476 3542 per-tt

341 3545 441 3624 ,duxit
462 3546 639 3627 impulitque
660 3564 751 3627 super
773 3546 882 3609 lectum
906 3556 936 3609 et
956 3547 1155 3610 harundinem
1175 3546 1212 3608 ab
1236 3546 1312 3608 nstin
1339 3548 1438 3630 rapuit

321 3642 336 3692 4
357 3632 525 3711 iterumque
541 3631 615 3692 nihil
629 3631 863 3711 respondentem
884 3632 1031 3696 mulcavit.
1061 3651 1096 3694 ac
1118 3632 1174 3695 nisi
1191 3631 1289 3712 primu
1306 3633 1371 3694 ictu
1386 3632 1438 3695 ha·

359 3717 457 3779 ruudo
479 3725 615 3797 quassata
637 3716 780 3796 impetum
803 3717 987 3781 verberantis
1009 3718 1176 3792 minuisset,
1198 3717 1326 3779 forsitan
1353 3718 1440 3780 etiam

197 3801 200 3809 '
321 3812 335 3861 5
357 3802 478 3864 brachia
489 3820 555 3863 mea
566 3808 714 3884 caputque
726 3802 871 3883 fregisset
896 3804 1029 3884 ingemui
1041 3821 1097 3882 ego
1109 3803 1213 3883 utique
1224 3811 1354 3883 propter
1365 3822 1441 3867 mas·

327 4014 329 4020 ,
444 3974 572 4026 spumeo
591 3968 726 4023 adversum
745 3970 973 4024 Witamowttciur
994 3970 1004 4037 ll
1025 3973 1041 4022 8
1059 3969 1197 4037 septifluus
1221 3969 1286 4021 lehn·
1309 3986 1329 4037 p
1378 3973 1385 3987 ·
1435 4006 1443 4024 .

357 4038 495 4092 vestifluus
507 4036 655 4103 tumaces,
672 4051 775 4105 semper
788 4052 870 4090 orans
886 4054 938 4105 ego
955 4036 1102 4106 cooptari}
1118 4038 1221 4105 tuisld
1239 4054 1256 4091 n
1273 4036 1373 4095 Bacchi
1407 4039 1443 4094 ol·

358 4107 452 4158 dantes
464 4106 474 4172 l
488 4109 521 4160 16
539 4122 599 4160 auru
617 4106 766 4172 Pitbcmcl
782 4108 814 4159 1⁹
826 4105 908 4159 lentus
923 4108 928 4174 1
942 4106 1042 4160 lactans
1055 4108 1078 4157 0
1089 4107 1099 4173 l
1112 4108 1144 4160 23
1159 4110 1267 4174 atraque
1281 4106 1349 4159 libri
1360 4110 1444 4160 inter·

353 4174 445 4241 pelato·
466 4180 475 4228 l
497 4176 530 4229 25
546 4178 722 4243 proconissum
741 4172 896 4229 Proselenos
913 4191 978 4228 anns
1000 4173 1033 4228 ad
1055 4173 1208 4241 Encolpium
1237 4172 1243 4242 1
1273 4174 1445 4230 conciderunt

358 4242 530 4309 miceslao
547 4244 574 4297 iu
592 4248 669 4297 nocte
684 4242 689 4310 Ι
704 4242 774 4311 necll
788 4244 821 4298 29
839 4242 971 4298 extricasti
