3417 4934
694 447 1004 503 trocouocrurosls
1324 448 1386 508 231

462 624 575 686 detinet
590 624 721 685 intentas
736 631 826 683 cantu
841 621 976 701 fallitque
991 621 1133 684 laborem.

462 710 592 789 dumque
608 709 695 770 nimis
711 708 852 769 citharam
869 708 1060 786 fraternaque
1075 708 1205 769 carmina
1221 707 1352 782 laudant,

461 796 530 876 plus
545 794 632 856 solito
651 812 758 855 nevere
774 812 881 854 manus
896 794 1087 872 humanaque
1102 794 1160 854 fata

414 889 445 941 20
467 880 615 942 laudatum
631 879 817 941 transcendit
832 898 918 958 opus.
949 883 998 939 ‘ne
1013 878 1132 953 demite,
1149 876 1268 940 Parcae’

281 980 295 1031 t
462 966 601 1028 Phoebus
616 966 657 1027 ait
671 965 778 1027 ‘vincat
793 964 927 1025 mortalis
941 973 1076 1043 tempora
1092 964 1167 1026 vitae

463 1052 512 1113 ille
527 1052 598 1112 mibi
614 1051 718 1112 similis
732 1050 814 1111 vultu
831 1049 994 1129 similisque
1010 1051 1117 1110 decore

465 1156 521 1199 nec
537 1145 626 1198 cautu
642 1155 699 1198 nec
714 1154 786 1197 voce
801 1136 911 1196 minor.
934 1134 1030 1196 felicia
1045 1134 1130 1197 lassis

463 1224 578 1285 saecula
595 1221 758 1301 praestabit
773 1221 932 1299 legumque
946 1220 1063 1281 silentia
1078 1230 1208 1300 rumpet.

465 1308 560 1387 qualis
574 1308 739 1369 discutiens
754 1306 899 1385 fugientia
915 1305 1037 1367 Lucifer
1051 1314 1148 1376 astra,

461 1402 513 1455 aut
528 1393 622 1472 qualis
637 1392 734 1472 surgit
747 1391 944 1453 redeuntibus
958 1392 1111 1471 Hesperus
1125 1390 1221 1475 astris,

466 1478 561 1558 qualis
577 1496 644 1539 cum
661 1478 790 1558 primum
805 1477 941 1538 tenebris
957 1480 1070 1538 Aurora
1086 1477 1193 1539 solutis
1224 1524 1227 1528 .

465 1564 582 1625 induxit
597 1563 763 1625 rubicunda
779 1563 867 1637 diem,
884 1562 937 1624 Sol
951 1562 1058 1642 aspicit
1072 1562 1176 1624 orbem

464 1650 581 1711 lucidus
596 1660 626 1710 ct
641 1649 755 1729 primos
770 1667 786 1709 a
802 1666 923 1710 carcere
939 1648 1069 1709 concitat
1083 1667 1167 1710 axes:

410 1743 441 1795 ³0
462 1736 528 1797 talis
544 1735 651 1797 Caesar
666 1736 758 1807 adest,
772 1735 860 1796 talem
877 1734 933 1795 iam
949 1734 1044 1795 Roma
1058 1734 1207 1795 Neronem

266 1832 296 1887 15
467 1821 597 1901 aspiciet.
620 1821 726 1901 flagrat
740 1819 851 1881 nitidus
866 1819 983 1899 fulgore
999 1820 1123 1881 remisso

465 1906 563 1967 vultus
579 1915 610 1967 et
623 1907 728 1969 adfuso
744 1907 843 1967 cervix
859 1907 990 1967 formosa
1005 1904 1133 1985 capillo!

307 1987 386 2049 baec
401 1989 517 2069 Apollo.
541 2002 571 2053 at
585 1991 741 2066 Lachesis,
758 2010 834 2070 quae
850 2002 880 2051 et
894 1993 959 2071 ipsa
982 1991 1095 2052 homini
1117 1989 1333 2051 formosissimo
1349 1988 1423 2050 for-2

307 2082 403 2147 reret,
415 2075 487 2137 fecit
497 2077 569 2139 illud
582 2078 671 2157 plena
681 2078 937 2155 manu,etNeroni
949 2076 1058 2138 multos
1068 2095 1166 2138 anuos
1177 2076 1214 2136 de
1226 2093 1281 2136 suo
1292 2075 1392 2139 donat

308 2157 465 2222 Claudium
482 2172 580 2223 antem
595 2163 701 2224 iubent
717 2181 821 2224 omnes

262 2244 299 2298 ²⁰
459 2251 653 2332 χαίροντας,
670 2251 907 2334 εὐφημοῦντας
922 2250 1112 2328 ἐκπέμπειν
1129 2244 1252 2328 δόμων.

310 2338 342 2391 et
356 2328 408 2390 illc
424 2333 543 2410 quidem
562 2334 689 2395 animam
707 2332 836 2407 ebulliit,
852 2343 883 2393 ct
896 2350 934 2393 ex
949 2351 985 2393 eo
1001 2332 1088 2392 desiit
1102 2330 1198 2392 virere
1213 2329 1314 2391 videri.
1345 2347 1396 2389 ex·

309 2414 420 2495 piravit
433 2426 533 2480 autem
549 2419 619 2479 dum
638 2418 799 2480 comoedos
818 2417 915 2492 audit,
931 2425 965 2478 ut
979 2416 1056 2478 scias
1076 2435 1125 2477 mc
1140 2434 1202 2477 non
1222 2415 1288 2476 sine
1308 2431 1395 2474 causa

310 2500 379 2561 illos
393 2500 510 2565 timere.
534 2504 635 2565 ultima
651 2523 708 2565 vox
723 2504 787 2567 eius
802 2504 876 2565 baec
891 2503 971 2564 inter
985 2501 1125 2564 homines
1145 2500 1242 2562 audita
1258 2507 1312 2584 est,
1325 2516 1394 2559 cum
1409 2513 1424 2562 3

310 2584 455 2649 maiorem
470 2590 601 2651 sonitum
623 2590 770 2651 emisisset
790 2589 839 2650 illa
860 2597 960 2668 parte,
984 2606 1042 2667 qua
1064 2586 1179 2648 facilius
1199 2584 1394 2665 loquebaturz

264 2676 374 2733 td‘vae
389 2690 448 2748 me,
465 2684 549 2755 puto,
566 2676 725 2736 concacavi
744 2673 812 2735 me’.
841 2673 923 2753 qnod
939 2692 977 2735 an
1001 2673 1121 2747 fecerit,
1146 2673 1264 2734 nescio:
1295 2670 1394 2731 omnia

311 2767 394 2817 certe
410 2760 591 2822 concacavit.

398 2845 527 2922 quaein
551 2846 639 2907 terris
661 2853 764 2925 postea
788 2843 849 2905 sint
871 2854 949 2920 acta,
971 2860 1188 2924 supervacuum
1208 2851 1254 2903 est
1274 2838 1432 2905 referred

310 2926 394 2989 scitis
417 2930 496 2991 enim
520 2932 648 3013 optime,
678 2949 735 2992 nec
756 2929 924 3011 periculum
948 2938 1054 2991 estne
1076 2928 1214 2991 excidant
1235 2925 1396 2987 memoriae

311 3031 388 3092 quae
403 3016 543 3091 gaudium
565 3017 718 3098 publicum
741 3015 940 3096 impresserit:
963 3033 1052 3077 nemo
1073 3012 1219 3076 felicitatis
1233 3030 1304 3074 suae
1320 3009 1396 3072 obli·

270 3107 300 3158 tu
312 3097 446 3160 viscitur.
480 3101 511 3163 in
528 3104 611 3164 caelo
628 3122 704 3183 quae
719 3110 784 3164 acta
799 3102 875 3177 nint,
898 3101 1012 3166 audite:
1033 3101 1107 3162 fides
1129 3116 1224 3179 penes
1243 3110 1394 3159 auctorem

309 3184 376 3244 erit.
405 3186 562 3249 nuntiatur
576 3188 638 3249 lovi
654 3188 771 3250 venisse
793 3188 942 3267 quendam
962 3185 1061 3248 bonae
1082 3194 1228 3256 staturae,
1250 3182 1329 3246 bene
1344 3196 1425 3246 ca·2

309 3287 400 3345 num;
417 3272 520 3333 nescio
536 3273 607 3353 quid
623 3273 706 3335 illum
721 3274 839 3349 minari,
859 3273 976 3335 assidue
992 3272 1072 3334 enim
1088 3280 1179 3351 capnt
1191 3287 1326 3345 movere3
1341 3287 1395 3350 pe-

309 3355 377 3415 dem
389 3355 526 3418 dextrum
541 3359 670 3420 trabere.
693 3359 899 3438 quaesissem,
912 3358 997 3420 cuins
1013 3356 1144 3418 nationis
1158 3363 1252 3417 esset:
1267 3373 1395 3435 respon·

308 3439 389 3503 disse
405 3446 506 3505 nescio
522 3444 593 3523 quid
614 3444 790 3524 perturbato
805 3462 882 3505 sono
897 3451 928 3504 et
941 3460 1015 3503 voce
1036 3442 1177 3518 confusa3
1193 3459 1255 3502 non
1278 3439 1395 3502 intolle-

270 3533 299 3584 35
309 3543 382 3607 gere
397 3546 429 3588 se
445 3528 577 3608 linguam
589 3529 664 3615 eius,
675 3548 732 3591 nec
744 3529 891 3591 Graccum
907 3547 972 3590 esse
984 3546 1041 3589 nec
1053 3528 1221 3589 Romanum
1238 3544 1294 3587 nec
1307 3524 1396 3587 ullius

309 3612 408 3692 gentis
425 3621 522 3676 notae.
544 3623 607 3677 tum
627 3615 763 3696 luppiter
786 3614 962 3689 Herculem,
984 3614 1037 3692 qui
1056 3621 1152 3674 totum
1175 3610 1278 3673 orbern
1300 3620 1425 3672 terra-3

309 3715 378 3758 rum
400 3710 606 3778 pererraverat
621 3710 652 3761 et
666 3719 755 3763 nosse
770 3698 926 3762 ridebatur
949 3717 1056 3760 omnes
1071 3698 1223 3770 nationes,
1246 3695 1329 3757 iubet
1352 3695 1397 3757 ire

309 3792 340 3843 et
350 3783 516 3863 explorare,
530 3804 659 3865 quorum
670 3786 828 3847 bominum
844 3793 931 3846 esset.
945 3794 1010 3846 tum
1026 3783 1171 3846 Hercules
1182 3782 1279 3862 primo
1291 3800 1396 3861 aspec-

308 3876 341 3929 tu
358 3887 432 3930 sane
447 3872 640 3951 perturbatus
656 3879 716 3946 est,
732 3871 830 3951 utqui
846 3871 935 3932 etiam
957 3889 1017 3932 non
1034 3868 1135 3930 omnia
1157 3877 1290 3929 monstra
1304 3866 1396 3928 timu·
1448 3897 1452 3907 ·

273 3954 377 4015 fuerit
409 3964 444 4016 ut
465 3957 537 4019 vidit
560 3956 629 4019 novi
651 3957 771 4038 generis
792 3955 913 4032 faciem,
935 3955 1088 4018 insolitum
1111 3954 1271 4029 incessum,
1293 3970 1394 4014 rocem

306 4065 511 4079 —————

379 4108 412 4160 ta
419 4106 484 4159 illud
493 4111 572 4159 andr
582 4104 798 4178 inclusarumllld
804 4109 965 4176 χαιρονταισ
976 4104 1243 4177 ευφημοιταισ,ιιηιίο
1252 4109 1394 4173 χαίροντες

305 4176 497 4246 εὐφημοῦντες
507 4175 668 4240 Teutleliuoe
677 4175 823 4242 Euripidis
830 4173 869 4237 fr.
878 4177 929 4229 449
941 4174 977 4231 N.
985 4172 996 4246 f
1005 4176 1112 4244 wquae
1120 4172 1261 4227 memoriae
1270 4170 1392 4239 gaudium

305 4241 357 4315 {³9
367 4258 420 4297 nou
430 4245 527 4310 omnia]
537 4258 603 4299 nora
613 4244 730 4297 duellius
738 4243 850 4309 (addam
858 4245 942 4296 otiam
950 4242 1077 4312 lenonie),
1085 4240 1260 4298 nnn‘euomia
1269 4239 1396 4294 Gerasus
