3417 4934
778 496 932 552 SATVRAE

261 677 299 730 lo
471 688 541 732 nrox
555 669 606 731 nbi
622 669 761 733 ridendas
776 669 900 732 inclusit
913 671 1022 751 pagina
1037 679 1146 751 partes,

518 773 587 817 vera
602 756 680 818 redit
694 755 794 831 facies,
809 757 881 818 dum
896 757 1030 819 simulata
1045 758 1132 838 perit.

401 944 459 988 ncc
477 925 528 987 din
550 934 650 988 tamen
669 926 799 990 lacrimis
817 927 942 1001 indulsi,
964 928 1016 990 sed
1035 926 1160 1002 veritus,
1183 946 1222 989 ne
1238 927 1390 989 Menelaus
1403 924 1446 993 81

318 1012 402 1074 etiam
425 1011 656 1075 antescholanus
677 1012 758 1074 inter
772 1023 870 1075 cetera
886 1015 962 1075 mala
983 1013 1078 1075 solum
1102 1031 1150 1074 mc
1170 1013 1201 1074 in
1222 1012 1392 1075 deversorio

286 1108 296 1157 t
317 1097 475 1173 inveniret,
501 1097 608 1178 collegi
631 1098 794 1161 sarcinulas
815 1099 976 1179 locumque
999 1109 1148 1161 secretum
1172 1108 1202 1160 et
1222 1099 1392 1179 proximum

316 1182 394 1245 litori
410 1193 541 1246 maestus
556 1183 696 1246 conduxi.
730 1184 770 1246 ibi
785 1185 886 1247 triduo
902 1185 1036 1247 inclusus
1051 1185 1196 1246 redeunte
1210 1184 1241 1246 in
1258 1185 1390 1247 animum
1412 1196 1427 1245 t

316 1269 475 1331 solitudine
490 1278 579 1348 atque
595 1278 772 1349 contemptu
786 1270 977 1332 verberabam
998 1288 1120 1349 aegrum
1135 1270 1306 1351 planctibus
1320 1289 1391 1351 pec-

289 1364 362 1421 ttus
380 1353 387 1438 Ι
407 1364 438 1416 et
459 1354 539 1419 inter
555 1362 601 1416 tot
615 1354 772 1417 altissimos
791 1356 919 1436 gemitus
932 1357 1109 1437 frequenter
1124 1355 1210 1417 eliam
1226 1356 1391 1436 proclama-

316 1439 398 1501 bam:
430 1445 513 1520 ‘ergo
535 1458 583 1501 me
606 1459 667 1502 non
690 1441 778 1502 ruina
800 1451 880 1503 terra
902 1442 1001 1517 poluit
1022 1438 1164 1503 baurire‘l
1198 1462 1259 1504 non
1283 1442 1390 1504 iratum
1412 1454 1427 1503 3

276 1532 294 1596 lo
315 1526 403 1587 etiam
429 1524 643 1588 innocentibus
665 1524 770 1588 mare?
803 1528 894 1607 effugi
917 1528 1075 1599 iudicium,
1101 1527 1232 1589 harenae
1254 1528 1391 1610 imposui,

314 1611 461 1693 bospitem
486 1612 591 1686 occidi,
614 1621 648 1673 ut
664 1612 743 1674 inter
763 1624 805 1676 tot
827 1614 967 1675 audaciae
989 1613 1110 1675 nomina
1125 1614 1290 1689 mendicus,
1313 1614 1391 1688 exul,

285 1707 286 1714 ’
314 1697 342 1757 in
366 1697 538 1759 deversorio
562 1696 692 1759 Graecae
718 1697 801 1760 urbis
826 1699 955 1761 iacerem
981 1697 1138 1761 desertus?
1174 1708 1204 1760 et
1225 1700 1292 1779 quis
1313 1699 1392 1762 hanc

284 1822 285 1826 =
313 1784 386 1845 mihi
404 1783 596 1845 solitudinem
617 1782 780 1864 imposuit?
807 1785 983 1847 adulescens
1005 1786 1087 1846 omni
1110 1783 1233 1847 libidine
1255 1786 1390 1866 impurus
1412 1797 1427 1846 4

313 1878 342 1930 et
355 1887 409 1931 sua
425 1886 547 1949 quoque
560 1869 751 1931 confessione
767 1870 875 1948 dignus
890 1871 987 1945 exilio,
1003 1880 1107 1951 stupro
1122 1870 1209 1945 liber,
1225 1881 1329 1952 stupro
1345 1872 1391 1933 in-

270 1962 293 2015 15
312 1972 441 2033 genuus,
458 1956 544 2016 cuius
558 1955 630 2016 anni
645 1955 681 2016 ad
697 1964 839 2018 tesseram
855 1957 1024 2030 venierunt,
1044 1975 1132 2035 quem
1148 1967 1290 2036 tanquam
1306 1957 1391 2037 puel-

312 2040 370 2102 lam
386 2040 532 2102 oonduxit
545 2041 633 2102 etiam
649 2040 701 2119 qui
710 2042 807 2103 virum
822 2041 944 2122 putavit.
975 2043 1046 2123 quid
1062 2042 1111 2103 illc
1126 2040 1222 2104 alteri
1245 2042 1296 2123 qui
1313 2038 1389 2128 [tan
1412 2054 1427 2103 5

312 2120 413 2210 quam]
431 2125 479 2187 die
494 2134 580 2206 togae
594 2125 687 2188 virilis
705 2128 810 2188 stolam
825 2129 963 2207 sumpsit,
981 2128 1032 2207 qui
1049 2148 1087 2190 ne
1103 2128 1147 2190 vir
1161 2136 1248 2204 esset,
1266 2146 1282 2189 a
1297 2138 1392 2190 matre

312 2229 475 2291 persuasus
497 2219 551 2285 est,
574 2211 626 2291 qui
645 2230 722 2291 opus
741 2212 887 2275 muliebre
910 2214 941 2275 in
962 2215 1111 2293 ergastulo
1134 2215 1215 2295 lecit,
1238 2214 1289 2293 qui
1309 2224 1393 2295 post·

314 2315 402 2376 quam
419 2295 609 2359 conturbavit
629 2305 661 2358 et
673 2297 805 2361 bbrdrnrs
826 2318 897 2362 suae
920 2299 1016 2361 solum
1031 2300 1129 2373 vertit,
1150 2300 1272 2379 reliquit
1284 2300 1393 2363 veteris

264 2394 291 2445 20
312 2382 462 2445 amicitiae
477 2400 588 2444 nornen
603 2390 642 2463 et,
658 2401 714 2464 pro
726 2384 833 2464 pudor,
850 2393 991 2465 tanquam
1004 2385 1110 2446 mulier
1123 2387 1286 2448 secutuleia
1302 2386 1392 2449 unius

313 2468 411 2530 noctis
441 2477 522 2530 tactu
550 2469 650 2530 omnia
676 2470 817 2536 vendidit.
862 2470 961 2533 iacent
991 2489 1074 2533 nunc
1096 2480 1244 2533 amatores
1270 2471 1427 2552 obligatio

313 2553 454 2617 noctibus
469 2553 549 2629 totis,
565 2562 595 2615 ct
609 2554 735 2617 forsitan
748 2555 861 2618 mutuis
872 2555 1047 2618 libidinibus
1062 2557 1154 2618 attriti
1169 2557 1307 2619 derident
1321 2557 1391 2619 soli-

310 2640 448 2702 tudinem
463 2658 568 2701 meam.
595 2640 647 2702 sed
662 2660 725 2703 non
740 2642 875 2722 impune.
901 2660 971 2704 nam
986 2650 1037 2704 aut
1047 2642 1092 2703 vir
1106 2660 1162 2720 ego
1178 2641 1314 2723 liberque
1328 2663 1390 2705 non

311 2744 390 2801 sum,
406 2734 458 2787 aut
473 2726 562 2787 noxio
578 2725 725 2806 sanguine
740 2726 906 2808 parentabo
922 2727 1048 2789 iniuriae
1063 2726 1165 2788 meae'.

261 2822 289 2872 25
396 2812 472 2873 baec
491 2811 609 2873 locutus
624 2811 721 2890 gladio
743 2813 820 2875 latus
841 2813 945 2891 cingo,
969 2823 999 2875 ct
1020 2832 1059 2875 nc
1081 2813 1237 2875 infirmitas
1255 2812 1388 2874 militiam
1403 2808 1446 2877 82

312 2897 463 2977 perderet,
480 2896 659 2977 largioribus
673 2898 748 2960 cibis
763 2899 860 2961 excito
876 2899 962 2961 vires.
995 2900 1110 2961 morin
1127 2899 1280 2980 publicum
1295 2900 1392 2979 prosi-

312 2982 352 3044 lio
368 2983 557 3063 lurentisque
579 2999 664 3045 more
679 3002 784 3047 omnes
805 2985 956 3046 circumeo
973 2986 1114 3066 porticus.
1152 2986 1204 3047 sed
1226 2985 1296 3046 duna
1314 2994 1390 3048 atto·
1412 2996 1427 3045 t

313 3067 377 3130 nito
399 3069 483 3131 vultu
507 3069 690 3148 efferatoque
713 3070 788 3132 nibil
810 3070 887 3133 aliud
910 3089 999 3151 quam
1022 3073 1141 3133 caedem
1164 3080 1194 3132 et
1215 3072 1391 3151 sanguinem

313 3154 413 3234 cogito
436 3154 684 3234 frequentiusque
707 3174 830 3217 manum
852 3156 888 3217 ad
912 3158 1065 3237 capulum,
1096 3175 1184 3236 quem
1207 3156 1391 3230 devoveram,

261 3250 289 3299 ao
312 3239 428 3315 relero,
451 3239 563 3302 notavit
584 3257 633 3300 me
656 3241 752 3316 miles,
778 3243 840 3303 sive
863 3242 911 3304 ille
935 3243 1042 3321 planus
1063 3242 1121 3304 fuit
1141 3243 1201 3303 sive
1225 3251 1393 3305 nocturnus

311 3335 471 3405 grassator,
494 3333 524 3387 et
545 3325 627 3405 ‘quid
649 3325 691 3388 tu'
713 3327 813 3407 inquit
827 3328 1012 3403 ‘commilito
1036 3345 1145 3405 exque
1161 3327 1279 3405 legione
1295 3338 1392 3390 esaut
1413 3340 1427 3388 3

311 3410 398 3474 cuius
420 3408 587 3472 centurial'
620 3428 688 3474 cum
706 3412 948 3475 constantissime
970 3423 1001 3474 et
1017 3414 1226 3475 centurionem
1248 3422 1278 3475 et
1299 3414 1392 3493 legio·

313 3514 381 3557 nem
399 3514 494 3559 cssenr
511 3496 681 3580 ementitus,
705 3504 770 3578 ‘age
785 3497 867 3579 ergo’
890 3498 988 3577 inquit
1010 3499 1059 3560 ille
1082 3500 1124 3559 ‘in
1143 3500 1276 3560 exercitu
1294 3509 1391 3562 vestro
1477 3513 1479 3517 ·

312 3582 492 3662 phaecasiati
507 3581 615 3644 nrilites
630 3582 817 3646 ambulantl’
844 3602 911 3645 cum
928 3584 1036 3646 deinde
1051 3583 1132 3646 vultu
1148 3596 1237 3666 atque
1251 3585 1314 3666 ipsa
1329 3595 1391 3647 tre·
1413 3596 1428 3645 4

261 3668 465 3748 supinatione
488 3666 676 3731 mendacium
700 3670 913 3750 prodidissem,
942 3687 1057 3749 ponere
1082 3690 1128 3733 me
1155 3671 1241 3733 iussit
1262 3689 1342 3732 arma
1364 3681 1394 3732 et

312 3753 390 3815 malo
406 3771 520 3815 cavere.
558 3753 740 3835 despoliatus
755 3773 840 3840 ergo,
862 3756 953 3816 immo
976 3758 1109 3836 praecisa
1131 3758 1245 3820 ultione
1260 3766 1342 3818 retro
1357 3756 1392 3817 ad

312 3838 516 3902 deversorium
531 3839 623 3901 tendo
645 3841 846 3921 paulatimque
867 3840 1034 3903 temeritate
1056 3842 1149 3904 laxata
1172 3843 1257 3923 coepi
1278 3861 1393 3922 grassa·

312 3925 386 3987 toris
401 3923 541 3986 audaciae
555 3926 664 4004 gratias
679 3945 767 4007 agere

398 4076 586 4130 2dissimnlete
599 4077 610 4145 l
622 4081 638 4131 l
651 4076 839 4131 antescolarius
852 4078 929 4131 codd.
943 4079 1091 4130 deteriores
1103 4081 1200 4144 quibua
1211 4079 1395 4146 adstipulatur

313 4146 375 4198 Old.
396 4145 439 4198 VI
446 4144 550 4213 4467Ξῇ
566 4148 598 4200 14
610 4146 689 4199 exitio
707 4146 879 4214 Pttbcoonol
894 4150 925 4200 15
943 4147 1093 4214 venerunt!
1108 4150 1139 4200 16
1151 4147 1217 4200 alter
1229 4146 1270 4199 die
1283 4149 1327 4215 qni
1340 4154 1395 4201 tan·

311 4229 388 4281 quam
407 4212 508 4280 togeel
523 4215 553 4268 21
568 4217 662 4281 potius
680 4214 820 4282 colligatil
834 4216 867 4267 ib
881 4216 991 4281 cingorl
1006 4217 1038 4268 28
1051 4220 1225 4281 expectamus
1236 4214 1395 4285 efferatoque

314 4282 407 4336 incedo
427 4296 461 4334 ac
481 4281 576 4335 daiam
594 4283 711 4350 cogitatu
723 4283 734 4352 l
746 4286 780 4336 36
798 4282 890 4347 immo]
907 4276 1025 4345 sortasse
1042 4285 1119 4337 armis
1131 4283 1186 4353 μ’(
1205 4284 1305 4338 lassata
