3417 4934
346 462 388 521 28
807 456 961 512 roucourt

293 648 321 699 ιι
344 646 398 700 ost.
426 635 597 697 suminatas
615 633 696 711 duxi,
718 642 748 696 et
767 634 857 714 plane
877 641 973 695 matus
993 650 1069 694 som.
1099 632 1186 694 vinus
1200 631 1273 693 mihi
1288 633 1321 696 in
1337 645 1456 700 cere-t

344 723 432 785 hrum
448 720 538 783 abiit’.

291 805 336 874 42
430 808 546 888 excepit
557 806 700 869 Seleucus
715 803 831 867 iahulae
846 813 961 884 partem
977 807 1031 865 et‘
1032 801 1100 884 ego’
1114 804 1236 883 inquit‘
1238 822 1300 867 non
1313 807 1424 870 cotidie

306 906 321 956 ι
343 894 440 976 ιιιοι;
454 893 582 955 baliscus
596 892 676 953 enim
691 890 764 953 fullo
780 899 833 964 est,
848 908 925 970 aqua
941 889 1047 951 dentes
1061 888 1159 964 habet,
1175 897 1205 951 et
1219 907 1274 952 cor
1284 900 1422 956 nostrum

344 978 452 1042 cotidie
473 978 619 1059 liquescit.
649 977 702 1039 sed
723 994 791 1038 cum
810 976 899 1038 mulsi
918 975 1077 1073 pultarium
1098 974 1218 1051 obduxi,
1239 976 1346 1074 frigori
1361 978 1447 1040 lae-t

344 1065 426 1129 casin
452 1064 627 1126 diceneo
651 1081 723 1125 sane
744 1062 842 1124 lavare
861 1061 961 1143 potui;
987 1061 1030 1123 lui
1051 1061 1131 1123 enim
1153 1061 1295 1123 hodiem
1319 1063 1418 1127 funus.

305 1163 321 1212 ι
343 1152 433 1213 homo
454 1150 566 1225 hellus,
591 1156 652 1210 tam
672 1149 771 1210 honus
791 1146 994 1228 Chrysanthus
1014 1146 1143 1209 animam
1165 1146 1290 1209 ebulliit.
1321 1149 1417 1225 modo,

304 1236 430 1299 tmodo
451 1254 499 1297 mc
520 1234 685 1316 appellavit.
721 1234 823 1295 videor
842 1232 915 1294 mihi
938 1251 1006 1295 cum
1027 1231 1078 1294 illo
1100 1232 1193 1313 loqui.
1228 1233 1302 1309 heu,
1333 1236 1417 1297 eheu.

343 1332 425 1385 utres
445 1320 538 1383 iollati
560 1320 754 1383 ambulamus.
783 1318 910 1381 minoris
928 1336 1017 1399 quam
1032 1336 1152 1380 muscae
1167 1337 1287 1393 sumus,
1305 1338 1418 1384 mum

341 1418 440 1470 tameo
466 1407 594 1487 aliquam
616 1406 753 1468 rimutem
779 1403 908 1480 hahent,
935 1423 991 1467 nos
1013 1423 1074 1466 non
1095 1404 1189 1484 pluris
1207 1422 1310 1468 sumus
1330 1413 1453 1486 quamtt

305 1504 320 1554 t
341 1493 448 1556 bullae.
477 1501 508 1554 et
528 1492 601 1572 quid
621 1491 646 1553 si
666 1510 728 1553 noo
743 1490 880 1553 abstinax
895 1490 1008 1553 luisset
1038 1490 1171 1570 quinque
1186 1490 1250 1553 dies
1264 1509 1373 1571 aquam
1387 1492 1415 1554 ιι

342 1597 376 1641 os
391 1597 478 1641 soum
493 1597 555 1640 non
571 1576 708 1661 coniecit,
723 1596 785 1639 noo
800 1576 907 1638 micam
922 1575 1017 1657 panis.
1048 1585 1148 1637 tameo
1168 1575 1240 1639 abiit
1253 1577 1290 1638 ad
1306 1578 1415 1658 plures.

341 1665 448 1728 medici
469 1663 553 1725 illum
578 1661 789 1743 perdiderunt,
815 1662 907 1724 immo
930 1661 1022 1741 magis
1047 1661 1142 1724 malus
1166 1662 1259 1737 fatus;
1285 1664 1416 1726 medicus

303 1759 319 1808 6
340 1751 421 1811 enim
445 1748 518 1811 nihil
540 1748 620 1811 aliud
640 1756 685 1811 est
700 1767 788 1828 quam
804 1748 896 1809 animi
911 1746 1085 1810 consolatio.
1114 1754 1212 1809 mmen
1229 1747 1307 1810 bene
1323 1749 1416 1812 clatos

341 1843 401 1909 est,
427 1834 505 1897 vitali
525 1834 617 1909 lecto,
643 1834 780 1914 stragulis
798 1832 897 1895 honis.
927 1832 1066 1914 planctus
1081 1841 1127 1895 est
1141 1834 1252 1914 optime
1267 1869 1311 1882 -
1326 1852 1414 1898 manu
1432 1841 1453 1894 u

303 1931 317 1980 t
340 1921 421 1983 misit
445 1919 559 2001 aliquot
573 1956 616 1967 -
630 1920 717 1981 etiam
744 1920 769 1982 si
790 1919 919 1999 maligne
938 1918 1021 1980 illum
1043 1918 1169 2000 ploravit
1188 1935 1272 1987 uxor.
1305 1921 1416 2001 quidsi

342 2026 404 2069 oon
426 2006 505 2068 illam
526 2005 638 2104 optime
659 2006 830 2086 accepisset.
860 2005 913 2067 sed
928 2005 1035 2066 mulier
1049 2022 1126 2085 quae
1141 2005 1248 2066 mulier
1262 2005 1414 2070 milvinum

340 2111 445 2173 genus
468 2091 618 2154 neminem
634 2091 707 2153 nihil
722 2091 795 2152 honi
809 2092 908 2153 lacere
926 2098 1059 2171 oportet3
1075 2108 1170 2170 aeque
1190 2100 1236 2153 est
1253 2092 1335 2154 enim
1346 2093 1415 2156 acsi

342 2178 372 2239 in
388 2186 512 2259 puteum
528 2176 669 2239 conicias.
698 2177 750 2239 sed
767 2176 908 2256 antiquus
922 2193 1008 2237 amor
1021 2194 1132 2238 cancer
1146 2175 1209 2239 est’.

288 2257 332 2326 43
426 2263 569 2325 molestus
583 2263 653 2337 luit,
669 2262 864 2340 Philerosque
879 2262 1085 2342 proclamavit·
1111 2263 1255 2325 ‘urorum
1269 2264 1455 2327 momine-tt

340 2348 444 2411 rimus.
474 2347 641 2422 illohahet‚
668 2349 748 2427 quod
763 2347 819 2409 sibi
835 2347 1014 2409 debebatur:
1039 2348 1164 2411 honeste
1178 2348 1264 2422 vixit,
1290 2349 1415 2413 honeste

339 2434 422 2499 obiit.
452 2433 523 2514 quid
544 2432 634 2497 habet
654 2433 734 2514 quod
750 2431 913 2513 queratur?
940 2434 976 2495 ab
991 2452 1057 2495 asse
1072 2434 1164 2495 crevit
1178 2443 1208 2496 et
1223 2444 1346 2514 paratos
1360 2437 1416 2498 luit

339 2522 532 2601 quadrantem
548 2519 585 2582 de
600 2531 732 2583 stercore
742 2518 894 2581 mordicus
905 2519 1019 2581 tollere.
1045 2519 1145 2599 itaque
1156 2520 1257 2594 crevit,
1272 2520 1415 2602 quicquid

301 2616 316 2667 2
338 2607 440 2682 crevit
456 2614 599 2686 tanquam
622 2607 714 2668 larus.
742 2612 815 2686 puto
838 2605 1024 2667 mehercules
1045 2604 1129 2667 illum
1151 2605 1306 2684 reliquisse
1321 2608 1413 2670 solida

300 2703 316 2753 3
338 2704 469 2768 centum
491 2700 522 2754 et
543 2692 643 2754 omnia
665 2691 695 2754 in
720 2691 850 2753 nummis
871 2688 984 2753 hahuit.
1012 2690 1050 2751 dc
1072 2709 1105 2752 re
1124 2699 1223 2753 ιιιιιι
1239 2709 1295 2771 ego
1309 2695 1456 2756 veromtt

339 2778 443 2852 dicam,
460 2780 511 2858 qui
526 2778 658 2858 linguam
674 2777 812 2838 caninam
828 2776 958 2838 comedi:
979 2776 1072 2837 durae
1087 2775 1198 2839 buccae
1214 2777 1278 2853 init,
1294 2777 1414 2859 linguo-

300 2871 316 2923 t
337 2882 398 2940 sus,
421 2863 576 2938 discordia,
601 2882 662 2925 oon
677 2862 778 2923 homo.
808 2863 901 2923 irater
915 2861 979 2923 eius
993 2862 1079 2924 fortis
1095 2862 1159 2947 luit,
1180 2864 1294 2926 amicus
1308 2865 1413 2941 amico,

340 2967 429 3011 mano
445 2949 544 3029 plena,
559 2959 651 3011 uncta
667 2965 779 3009 mensa.
810 2955 841 3008 et
855 2947 935 3009 inter
950 2947 1033 3010 initia
1050 2947 1155 3010 malam
1171 2967 1287 3029 parram
1302 2950 1413 3030 pilsvit,

337 3035 389 3097 scd
404 3034 569 3096 recorrexit
582 3042 678 3096 costas
692 3032 772 3095 illius
782 3033 877 3114 prima
887 3031 1051 3097 vindemia·
1067 3033 1198 3096 vendidit
1208 3035 1288 3096 enim
1301 3036 1415 3112 ιιιιιι,

339 3120 441 3218 quanti
463 3120 527 3201 ipse
543 3119 642 3182 voluit.
673 3126 703 3181 et
724 3118 805 3197 quod
820 3117 899 3180 illius
915 3128 1047 3181 mentum
1063 3120 1197 3195 sustulit,
1219 3120 1459 3186 hereditatem&

301 3213 316 3263 ι
336 3206 460 3287 accepit,
475 3223 511 3267 ex
526 3224 584 3286 qua
594 3204 677 3304 Mplus
682 3204 831 3285 involavit,
846 3222 935 3303 quam
947 3204 989 3266 illi
1001 3204 1138 3267 relictum
1149 3216 1204 3271 est.
1227 3206 1317 3269 etille
1328 3209 1415 3290 stips,

338 3290 409 3353 dom
424 3291 507 3353 tratri
522 3310 578 3354 suo
592 3289 739 3364 irascitur,
756 3290 858 3352 nescio
872 3290 920 3353 cui
935 3298 1032 3351 terrae
1046 3290 1109 3352 lilio
1126 3291 1336 3371 patrimonium
1353 3295 1416 3358 ele·

301 3376 423 3456 ligavit
452 3375 543 3455 longe
565 3376 656 3458 fugit,
680 3375 815 3457 quisquis
836 3376 1003 3455 suossuqit.
1045 3376 1150 3438 hahuit
1163 3387 1262 3439 autem
1278 3381 1414 3443 oracula-

337 3461 399 3524 rios
413 3481 524 3537 servos,
547 3481 598 3542 qur
590 3462 695 3524 illum
712 3461 1004 3542 pessumdederunt.
1024 3459 1030 3544 Ι
1049 3480 1203 3543 nunquam
1219 3475 1317 3527 autem
1331 3480 1415 3533 recte
1431 3476 1460 3531 tlt

338 3546 441 3620 faciet,
464 3547 516 3627 qui
538 3548 598 3610 cito
620 3548 730 3623 credit,
750 3544 755 3629 Ι
774 3547 879 3627 utiquo
893 3547 982 3609 homo
999 3548 1163 3628 negotians
1195 3558 1294 3611 tamon
1310 3570 1415 3618 verum
1437 3568 1461 3620 tl

300 3644 314 3692 ι
338 3632 418 3712 quod
434 3633 565 3695 frunitus
580 3641 634 3708 est,
650 3652 737 3714 quam
754 3633 803 3695 diu
818 3632 891 3695 vixit
1101 3635 1149 3696 cui
1165 3635 1265 3696 datum
1281 3646 1334 3713 est,
1351 3658 1415 3703 non

205 3721 208 3725 ’
338 3719 388 3781 ιιι
402 3719 592 3781 destinatum.
622 3719 711 3799 plane
725 3718 876 3781 Fortunae
891 3718 985 3795 tilius,
1007 3719 1038 3781 in
1058 3738 1149 3782 manu
1166 3719 1244 3783 illius
1259 3722 1417 3802 plumbum

338 3823 444 3867 aurum
460 3803 560 3866 tiebat.
591 3805 676 3866 laeile
691 3813 737 3867 est
751 3812 860 3879 autem,
881 3804 934 3866 uhi
949 3805 1048 3867 omnia
1063 3807 1204 3885 quadrata
1219 3817 1356 3871 corruat
1386 3822 1418 3875 et

338 3900 412 3971 quot
426 3900 513 3973 putas
527 3890 610 3953 illum
626 3909 723 3954 annos
737 3908 839 3953 secum
854 3888 979 3953 tulisse?
995 3891 1181 3973 septuaginta
1196 3900 1227 3953 et
1241 3912 1340 3976 supra.
1363 3900 1417 3961 sed

422 4109 598 4163 thalamisccs
610 4108 770 4178 cenaeus!
785 4112 800 4162 8
759 4108 865 4179 {hey
875 4109 998 4179 estheyl
988 4109 1043 4177 lit
1054 4109 1165 4162 lemicae
1175 4111 1231 4167 Iac
1246 4113 1421 4189 Gronoviusl

337 4180 371 4232 to
389 4178 491 4231 anticm
508 4175 729 4246 Hirscht'elda'osl
742 4181 775 4232 to
806 4177 902 4231 hileros
919 4180 996 4247 quit
985 4180 1047 4247 {28
1065 4184 1143 4231 cocta
1160 4180 1238 4248 plena
1286 4185 1320 4236 30
1337 4200 1420 4305 pusu-

337 4248 413 4314 tuml
427 4248 459 4299 33
478 4246 629 4301 oricularios
641 4176 804 4317 Ιιοιιιοιιιιιιὶ
815 4248 849 4300 86
867 4247 909 4301 cui
921 4250 1009 4301 datum
1028 4251 1077 4311 est,
1095 4245 1183 4301 ‹latom
1201 4255 1242 4303 est
1284 4200 1356 4306 κιαι
1357 4270 1422 4308 em
