<?xml version="1.0" encoding="UTF-8"?>
<!DOCTYPE html PUBLIC "-//W3C//DTD XHTML 1.0 Transitional//EN"
    "http://www.w3.org/TR/xhtml1/DTD/xhtml1-transitional.dtd">
<html xmlns="http://www.w3.org/1999/xhtml" xml:lang="en" lang="en">
 <head>
  <title>
</title>
<meta http-equiv="Content-Type" content="text/html;charset=utf-8" />
  <meta name='ocr-system' content='tesseract 3.04.00' />
  <meta name='ocr-capabilities' content='ocr_page ocr_carea ocr_par ocr_line ocrx_word'/>
</head>
<body>
  <div class='ocr_page' id='page_1' title='image "./petroniisaturae00varrgoog_0053.png"; bbox 0 0 3417 4934; ppageno 0'>
   <div class='ocr_carea' id='block_1_1' title="bbox 722 446 1333 505">
    <p class='ocr_par' dir='ltr' id='par_1_1' title="bbox 722 446 1333 505">
     <span class='ocr_line' id='line_1_1' title="bbox 722 446 1333 505; baseline 0.007 -4"><span class='ocrx_word' id='word_1_1' title='bbox 722 446 878 501; x_wconf 76' lang='lat' dir='ltr'><strong>SATVHAE</strong></span> <span class='ocrx_word' id='word_1_2' title='bbox 1294 447 1333 505; x_wconf 84' lang='lat'><strong>39</strong></span> 
     </span>
    </p>
   </div>
   <div class='ocr_carea' id='block_1_2' title="bbox 203 620 1393 3868">
    <p class='ocr_par' dir='ltr' id='par_1_2' title="bbox 208 620 1368 875">
     <span class='ocr_line' id='line_1_2' title="bbox 208 620 1368 703; baseline 0 -21"><span class='ocrx_word' id='word_1_3' title='bbox 208 629 237 682; x_wconf 81' lang='lat' dir='ltr'><strong>u</strong></span> <span class='ocrx_word' id='word_1_4' title='bbox 249 641 421 689; x_wconf 89' lang='lat' dir='ltr'><strong>nummum.</strong></span> <span class='ocrx_word' id='word_1_5' title='bbox 457 623 494 685; x_wconf 92' lang='lat' dir='ltr'><strong>ad</strong></span> <span class='ocrx_word' id='word_1_6' title='bbox 515 638 672 696; x_wconf 90' lang='lat' dir='ltr'><strong>summam,</strong></span> <span class='ocrx_word' id='word_1_7' title='bbox 694 620 718 683; x_wconf 93' lang='lat' dir='ltr'><strong>si</strong></span> <span class='ocrx_word' id='word_1_8' title='bbox 738 621 876 701; x_wconf 89' lang='lat' dir='ltr'><strong>quidvis,</strong></span> <span class='ocrx_word' id='word_1_9' title='bbox 899 641 955 701; x_wconf 89' lang='lat' dir='ltr'><strong>ego</strong></span> <span class='ocrx_word' id='word_1_10' title='bbox 977 631 1008 684; x_wconf 92' lang='lat' dir='ltr'><strong>et</strong></span> <span class='ocrx_word' id='word_1_11' title='bbox 1021 632 1054 683; x_wconf 94' lang='lat' dir='ltr'><strong>tu</strong></span> <span class='ocrx_word' id='word_1_12' title='bbox 1069 622 1330 703; x_wconf 89' lang='lat' dir='ltr'><strong>sponsiunculam:</strong></span> <span class='ocrx_word' id='word_1_13' title='bbox 1353 632 1368 682; x_wconf 85' lang='lat'>8</span> 
     </span>
     <span class='ocr_line' id='line_1_3' title="bbox 249 706 1332 789; baseline -0.001 -18"><span class='ocrx_word' id='word_1_14' title='bbox 249 709 305 784; x_wconf 82' lang='lat' dir='ltr'><strong>exi,</strong></span> <span class='ocrx_word' id='word_1_15' title='bbox 334 710 439 771; x_wconf 82' lang='lat' dir='ltr'><strong>deiero</strong></span> <span class='ocrx_word' id='word_1_16' title='bbox 461 708 601 770; x_wconf 89' lang='lat' dir='ltr'><strong>lamnam.</strong></span> <span class='ocrx_word' id='word_1_17' title='bbox 638 706 696 767; x_wconf 93' lang='lat' dir='ltr'><strong>iam</strong></span> <span class='ocrx_word' id='word_1_18' title='bbox 718 706 793 769; x_wconf 90' lang='lat' dir='ltr'><strong>scies</strong></span> <span class='ocrx_word' id='word_1_19' title='bbox 816 717 930 788; x_wconf 90' lang='lat' dir='ltr'><strong>patrem</strong></span> <span class='ocrx_word' id='word_1_20' title='bbox 953 717 1036 769; x_wconf 92' lang='lat' dir='ltr'><strong>tuum</strong></span> <span class='ocrx_word' id='word_1_21' title='bbox 1060 708 1211 770; x_wconf 80' lang='lat' dir='ltr'><strong>mercedes</strong></span> <span class='ocrx_word' id='word_1_22' title='bbox 1233 708 1332 789; x_wconf 88' lang='lat' dir='ltr'><strong>perdi-</strong></span> 
     </span>
     <span class='ocr_line' id='line_1_4' title="bbox 250 792 916 875; baseline 0 -20"><span class='ocrx_word' id='word_1_23' title='bbox 250 794 340 869; x_wconf 80' lang='lat' dir='ltr'><strong>disse,</strong></span> <span class='ocrx_word' id='word_1_24' title='bbox 356 793 492 875; x_wconf 91' lang='lat' dir='ltr'><strong>quamvis</strong></span> <span class='ocrx_word' id='word_1_25' title='bbox 507 803 537 855; x_wconf 91' lang='lat' dir='ltr'><strong>ct</strong></span> <span class='ocrx_word' id='word_1_26' title='bbox 552 792 731 854; x_wconf 79' lang='lat' dir='ltr'><strong>rhetoricam</strong></span> <span class='ocrx_word' id='word_1_27' title='bbox 747 793 815 855; x_wconf 90' lang='lat' dir='ltr'><strong>scis.</strong></span> <span class='ocrx_word' id='word_1_28' title='bbox 846 812 916 855; x_wconf 90' lang='lat' dir='ltr'><strong>ecce</strong></span> 
     </span>
    </p>

    <p class='ocr_par' dir='ltr' id='par_1_3' title="bbox 338 875 1180 961">
     <span class='ocr_line' id='line_1_5' title="bbox 338 875 1180 961; baseline -0.004 -19"><span class='ocrx_word' id='word_1_29' title='bbox 338 880 410 961; x_wconf 86' lang='lat' dir='ltr'><strong>“qui</strong></span> <span class='ocrx_word' id='word_1_30' title='bbox 426 880 464 942; x_wconf 88' lang='lat' dir='ltr'><strong>de</strong></span> <span class='ocrx_word' id='word_1_31' title='bbox 479 878 567 941; x_wconf 92' lang='lat' dir='ltr'><strong>nobis</strong></span> <span class='ocrx_word' id='word_1_32' title='bbox 582 878 672 957; x_wconf 88' lang='lat' dir='ltr'><strong>longe</strong></span> <span class='ocrx_word' id='word_1_33' title='bbox 687 876 785 955; x_wconf 88' lang='lat' dir='ltr'><strong>venio,</strong></span> <span class='ocrx_word' id='word_1_34' title='bbox 801 879 859 939; x_wconf 94' lang='lat' dir='ltr'><strong>late</strong></span> <span class='ocrx_word' id='word_1_35' title='bbox 873 875 984 941; x_wconf 81' lang='lat' dir='ltr'><strong>venio?</strong></span> <span class='ocrx_word' id='word_1_36' title='bbox 1006 878 1086 940; x_wconf 91' lang='lat' dir='ltr'><strong>solve</strong></span> <span class='ocrx_word' id='word_1_37' title='bbox 1102 878 1180 943; x_wconf 90' lang='lat' dir='ltr'><strong>me.&#39;&#39;</strong></span> 
     </span>
    </p>

    <p class='ocr_par' dir='ltr' id='par_1_4' title="bbox 215 962 1385 1388">
     <span class='ocr_line' id='line_1_6' title="bbox 215 962 1369 1046; baseline -0.003 -17"><span class='ocrx_word' id='word_1_38' title='bbox 215 980 230 1030; x_wconf 75' lang='lat' dir='ltr'><strong>a</strong></span> <span class='ocrx_word' id='word_1_39' title='bbox 250 966 348 1027; x_wconf 90' lang='lat' dir='ltr'><strong>dicam</strong></span> <span class='ocrx_word' id='word_1_40' title='bbox 363 964 428 1040; x_wconf 92' lang='lat' dir='ltr'><strong>tihi,</strong></span> <span class='ocrx_word' id='word_1_41' title='bbox 450 964 502 1045; x_wconf 95' lang='lat' dir='ltr'><strong>qui</strong></span> <span class='ocrx_word' id='word_1_42' title='bbox 517 963 555 1025; x_wconf 93' lang='lat' dir='ltr'><strong>de</strong></span> <span class='ocrx_word' id='word_1_43' title='bbox 570 962 659 1025; x_wconf 89' lang='lat' dir='ltr'><strong>nobis</strong></span> <span class='ocrx_word' id='word_1_44' title='bbox 675 963 770 1025; x_wconf 91' lang='lat' dir='ltr'><strong>currit</strong></span> <span class='ocrx_word' id='word_1_45' title='bbox 791 973 822 1025; x_wconf 92' lang='lat' dir='ltr'><strong>et</strong></span> <span class='ocrx_word' id='word_1_46' title='bbox 840 963 960 1025; x_wconf 89' lang='lat' dir='ltr'><strong>deloco</strong></span> <span class='ocrx_word' id='word_1_47' title='bbox 977 983 1038 1025; x_wconf 90' lang='lat' dir='ltr'><strong>non</strong></span> <span class='ocrx_word' id='word_1_48' title='bbox 1055 976 1206 1039; x_wconf 88' lang='lat' dir='ltr'><strong>movetur;</strong></span> <span class='ocrx_word' id='word_1_49' title='bbox 1229 965 1281 1046; x_wconf 92' lang='lat' dir='ltr'><strong>qui</strong></span> <span class='ocrx_word' id='word_1_50' title='bbox 1296 965 1333 1027; x_wconf 89' lang='lat' dir='ltr'><strong>de</strong></span> <span class='ocrx_word' id='word_1_51' title='bbox 1354 976 1369 1025; x_wconf 85' lang='lat'><strong>9</strong></span> 
     </span>
     <span class='ocr_line' id='line_1_7' title="bbox 253 1049 1334 1130; baseline 0 -17"><span class='ocrx_word' id='word_1_52' title='bbox 253 1050 344 1113; x_wconf 89' lang='lat' dir='ltr'><strong>nohis</strong></span> <span class='ocrx_word' id='word_1_53' title='bbox 359 1050 467 1113; x_wconf 89' lang='lat' dir='ltr'><strong>crescit</strong></span> <span class='ocrx_word' id='word_1_54' title='bbox 481 1059 512 1112; x_wconf 90' lang='lat' dir='ltr'><strong>et</strong></span> <span class='ocrx_word' id='word_1_55' title='bbox 526 1049 626 1110; x_wconf 90' lang='lat' dir='ltr'><strong>minor</strong></span> <span class='ocrx_word' id='word_1_56' title='bbox 640 1049 683 1110; x_wconf 86' lang='lat' dir='ltr'><strong>tit.</strong></span> <span class='ocrx_word' id='word_1_57' title='bbox 716 1049 822 1123; x_wconf 89' lang='lat' dir='ltr'><strong>curris,</strong></span> <span class='ocrx_word' id='word_1_58' title='bbox 838 1059 954 1130; x_wconf 89' lang='lat' dir='ltr'><strong>stupes,</strong></span> <span class='ocrx_word' id='word_1_59' title='bbox 969 1050 1087 1129; x_wconf 90' lang='lat' dir='ltr'><strong>satagis,</strong></span> <span class='ocrx_word' id='word_1_60' title='bbox 1110 1060 1251 1130; x_wconf 82' lang='lat' dir='ltr'>tanquam</span> <span class='ocrx_word' id='word_1_61' title='bbox 1268 1070 1334 1114; x_wconf 92' lang='lat' dir='ltr'><strong>mus</strong></span> 
     </span>
     <span class='ocr_line' id='line_1_8' title="bbox 252 1135 1385 1216; baseline -0.003 -18"><span class='ocrx_word' id='word_1_62' title='bbox 252 1138 282 1199; x_wconf 91' lang='lat' dir='ltr'><strong>in</strong></span> <span class='ocrx_word' id='word_1_63' title='bbox 299 1136 429 1202; x_wconf 84' lang='lat' dir='ltr'><strong>matella.</strong></span> <span class='ocrx_word' id='word_1_64' title='bbox 464 1153 536 1215; x_wconf 91' lang='lat' dir='ltr'><strong>crgo</strong></span> <span class='ocrx_word' id='word_1_65' title='bbox 558 1142 611 1196; x_wconf 88' lang='lat' dir='ltr'><strong>aut</strong></span> <span class='ocrx_word' id='word_1_66' title='bbox 632 1142 697 1196; x_wconf 90' lang='lat' dir='ltr'><strong>tace</strong></span> <span class='ocrx_word' id='word_1_67' title='bbox 718 1144 770 1196; x_wconf 92' lang='lat' dir='ltr'><strong>aut</strong></span> <span class='ocrx_word' id='word_1_68' title='bbox 790 1135 944 1197; x_wconf 90' lang='lat' dir='ltr'><strong>meliorem</strong></span> <span class='ocrx_word' id='word_1_69' title='bbox 965 1135 1027 1197; x_wconf 93' lang='lat' dir='ltr'><strong>noli</strong></span> <span class='ocrx_word' id='word_1_70' title='bbox 1046 1136 1214 1210; x_wconf 80' lang='lat' dir='ltr'><strong>molestare,</strong></span> <span class='ocrx_word' id='word_1_71' title='bbox 1237 1137 1333 1216; x_wconf 94' lang='lat' dir='ltr'><strong>quite</strong></span> <span class='ocrx_word' id='word_1_72' title='bbox 1356 1147 1385 1197; x_wconf 90' lang='lat'><strong>10</strong></span> 
     </span>
     <span class='ocr_line' id='line_1_9' title="bbox 253 1218 1335 1302; baseline 0.001 -19"><span class='ocrx_word' id='word_1_73' title='bbox 253 1231 357 1284; x_wconf 90' lang='lat' dir='ltr'><strong>natum</strong></span> <span class='ocrx_word' id='word_1_74' title='bbox 375 1241 437 1284; x_wconf 95' lang='lat' dir='ltr'><strong>non</strong></span> <span class='ocrx_word' id='word_1_75' title='bbox 453 1229 554 1301; x_wconf 90' lang='lat' dir='ltr'><strong>putat;</strong></span> <span class='ocrx_word' id='word_1_76' title='bbox 570 1218 628 1281; x_wconf 90' lang='lat' dir='ltr'><strong>nisi</strong></span> <span class='ocrx_word' id='word_1_77' title='bbox 643 1219 668 1282; x_wconf 91' lang='lat' dir='ltr'><strong>si</strong></span> <span class='ocrx_word' id='word_1_78' title='bbox 685 1238 732 1281; x_wconf 93' lang='lat' dir='ltr'><strong>me</strong></span> <span class='ocrx_word' id='word_1_79' title='bbox 748 1219 861 1283; x_wconf 91' lang='lat' dir='ltr'><strong>iudicas</strong></span> <span class='ocrx_word' id='word_1_80' title='bbox 876 1220 982 1283; x_wconf 84' lang='lat' dir='ltr'><strong>anulos</strong></span> <span class='ocrx_word' id='word_1_81' title='bbox 997 1221 1111 1283; x_wconf 84' lang='lat' dir='ltr'><strong>buxeos</strong></span> <span class='ocrx_word' id='word_1_82' title='bbox 1127 1240 1243 1296; x_wconf 89' lang='lat' dir='ltr'><strong>curare,</strong></span> <span class='ocrx_word' id='word_1_83' title='bbox 1260 1241 1335 1302; x_wconf 94' lang='lat' dir='ltr'><strong>quos</strong></span> 
     </span>
     <span class='ocr_line' id='line_1_10' title="bbox 251 1304 1384 1388; baseline -0.002 -19"><span class='ocrx_word' id='word_1_84' title='bbox 251 1307 364 1369; x_wconf 91' lang='lat' dir='ltr'><strong>amicae</strong></span> <span class='ocrx_word' id='word_1_85' title='bbox 386 1315 455 1369; x_wconf 84' lang='lat' dir='ltr'><strong>tuac</strong></span> <span class='ocrx_word' id='word_1_86' title='bbox 477 1305 623 1367; x_wconf 83' lang='lat' dir='ltr'><strong>involasti.</strong></span> <span class='ocrx_word' id='word_1_87' title='bbox 658 1304 852 1386; x_wconf 87' lang='lat' dir='ltr'><strong>Occuponem</strong></span> <span class='ocrx_word' id='word_1_88' title='bbox 868 1307 1039 1388; x_wconf 89' lang='lat' dir='ltr'><strong>propitium.</strong></span> <span class='ocrx_word' id='word_1_89' title='bbox 1074 1325 1175 1369; x_wconf 90' lang='lat' dir='ltr'><strong>eamus</strong></span> <span class='ocrx_word' id='word_1_90' title='bbox 1189 1308 1220 1369; x_wconf 95' lang='lat' dir='ltr'><strong>in</strong></span> <span class='ocrx_word' id='word_1_91' title='bbox 1237 1309 1334 1369; x_wconf 89' lang='lat' dir='ltr'><strong>iorum</strong></span> <span class='ocrx_word' id='word_1_92' title='bbox 1357 1318 1384 1367; x_wconf 86' lang='lat'><strong>11</strong></span> 
     </span>
    </p>

    <p class='ocr_par' dir='ltr' id='par_1_5' title="bbox 203 1392 1386 1819">
     <span class='ocr_line' id='line_1_11' title="bbox 203 1392 1333 1474; baseline -0.002 -17"><span class='ocrx_word' id='word_1_93' title='bbox 203 1405 232 1457; x_wconf 81' lang='lat'><strong>1⁰</strong></span> <span class='ocrx_word' id='word_1_94' title='bbox 252 1401 282 1455; x_wconf 94' lang='lat' dir='ltr'><strong>et</strong></span> <span class='ocrx_word' id='word_1_95' title='bbox 302 1392 448 1474; x_wconf 88' lang='lat' dir='ltr'><strong>pecunias</strong></span> <span class='ocrx_word' id='word_1_96' title='bbox 476 1400 661 1452; x_wconf 91' lang='lat' dir='ltr'><strong>mutuemur:</strong></span> <span class='ocrx_word' id='word_1_97' title='bbox 691 1392 749 1452; x_wconf 94' lang='lat' dir='ltr'><strong>iam</strong></span> <span class='ocrx_word' id='word_1_98' title='bbox 775 1392 851 1454; x_wconf 89' lang='lat' dir='ltr'><strong>scies</strong></span> <span class='ocrx_word' id='word_1_99' title='bbox 880 1394 937 1453; x_wconf 91' lang='lat' dir='ltr'><strong>hoc</strong></span> <span class='ocrx_word' id='word_1_100' title='bbox 966 1392 1077 1454; x_wconf 83' lang='lat' dir='ltr'><strong>ferrum</strong></span> <span class='ocrx_word' id='word_1_101' title='bbox 1100 1393 1187 1454; x_wconf 84' lang='lat' dir='ltr'><strong>fldem</strong></span> <span class='ocrx_word' id='word_1_102' title='bbox 1214 1393 1333 1455; x_wconf 89' lang='lat' dir='ltr'><strong>hahere.</strong></span> 
     </span>
     <span class='ocr_line' id='line_1_12' title="bbox 253 1476 1385 1556; baseline -0.002 -17"><span class='ocrx_word' id='word_1_103' title='bbox 253 1478 319 1551; x_wconf 88' lang='lat' dir='ltr'><strong>vah,</strong></span> <span class='ocrx_word' id='word_1_104' title='bbox 341 1476 419 1540; x_wconf 90' lang='lat' dir='ltr'><strong>hella</strong></span> <span class='ocrx_word' id='word_1_105' title='bbox 435 1495 484 1539; x_wconf 90' lang='lat' dir='ltr'><strong>res</strong></span> <span class='ocrx_word' id='word_1_106' title='bbox 499 1486 545 1539; x_wconf 90' lang='lat' dir='ltr'><strong>est</strong></span> <span class='ocrx_word' id='word_1_107' title='bbox 558 1476 652 1556; x_wconf 86' lang='lat' dir='ltr'><strong>volpis</strong></span> <span class='ocrx_word' id='word_1_108' title='bbox 668 1476 735 1538; x_wconf 91' lang='lat' dir='ltr'><strong>uda.</strong></span> <span class='ocrx_word' id='word_1_109' title='bbox 769 1477 807 1538; x_wconf 89' lang='lat' dir='ltr'><strong>ita</strong></span> <span class='ocrx_word' id='word_1_110' title='bbox 824 1477 942 1540; x_wconf 92' lang='lat' dir='ltr'><strong>lucrum</strong></span> <span class='ocrx_word' id='word_1_111' title='bbox 958 1478 1062 1539; x_wconf 83' lang='lat' dir='ltr'><strong>faciam</strong></span> <span class='ocrx_word' id='word_1_112' title='bbox 1079 1479 1161 1539; x_wconf 91' lang='lat' dir='ltr'><strong>etita</strong></span> <span class='ocrx_word' id='word_1_113' title='bbox 1177 1478 1254 1540; x_wconf 89' lang='lat' dir='ltr'><strong>hene</strong></span> <span class='ocrx_word' id='word_1_114' title='bbox 1270 1498 1334 1540; x_wconf 89' lang='lat' dir='ltr'><strong>mo·</strong></span> <span class='ocrx_word' id='word_1_115' title='bbox 1358 1488 1385 1538; x_wconf 80' lang='lat'><strong>12</strong></span> 
     </span>
     <span class='ocr_line' id='line_1_13' title="bbox 252 1561 1334 1645; baseline 0 -20"><span class='ocrx_word' id='word_1_116' title='bbox 252 1564 314 1626; x_wconf 91' lang='lat' dir='ltr'><strong>riar</strong></span> <span class='ocrx_word' id='word_1_117' title='bbox 328 1572 381 1624; x_wconf 91' lang='lat' dir='ltr'><strong>aut</strong></span> <span class='ocrx_word' id='word_1_118' title='bbox 391 1562 521 1643; x_wconf 91' lang='lat' dir='ltr'><strong>populus</strong></span> <span class='ocrx_word' id='word_1_119' title='bbox 532 1580 587 1642; x_wconf 89' lang='lat' dir='ltr'><strong>per</strong></span> <span class='ocrx_word' id='word_1_120' title='bbox 600 1561 712 1623; x_wconf 84' lang='lat' dir='ltr'><strong>exitum</strong></span> <span class='ocrx_word' id='word_1_121' title='bbox 724 1579 821 1624; x_wconf 92' lang='lat' dir='ltr'><strong>meum</strong></span> <span class='ocrx_word' id='word_1_122' title='bbox 834 1563 923 1637; x_wconf 90' lang='lat' dir='ltr'><strong>iuret,</strong></span> <span class='ocrx_word' id='word_1_123' title='bbox 938 1563 995 1625; x_wconf 90' lang='lat' dir='ltr'><strong>nisi</strong></span> <span class='ocrx_word' id='word_1_124' title='bbox 1012 1574 1041 1625; x_wconf 90' lang='lat' dir='ltr'><strong>te</strong></span> <span class='ocrx_word' id='word_1_125' title='bbox 1057 1563 1168 1644; x_wconf 88' lang='lat' dir='ltr'><strong>ubique</strong></span> <span class='ocrx_word' id='word_1_126' title='bbox 1182 1573 1250 1643; x_wconf 88' lang='lat' dir='ltr'><strong>toga</strong></span> <span class='ocrx_word' id='word_1_127' title='bbox 1265 1583 1334 1645; x_wconf 92' lang='lat' dir='ltr'><strong>per·</strong></span> 
     </span>
     <span class='ocr_line' id='line_1_14' title="bbox 253 1647 1386 1730; baseline -0.004 -18"><span class='ocrx_word' id='word_1_128' title='bbox 253 1667 337 1712; x_wconf 86' lang='lat' dir='ltr'><strong>versa</strong></span> <span class='ocrx_word' id='word_1_129' title='bbox 352 1650 439 1710; x_wconf 85' lang='lat' dir='ltr'><strong>fuero</strong></span> <span class='ocrx_word' id='word_1_130' title='bbox 454 1656 640 1730; x_wconf 85' lang='lat' dir='ltr'><strong>persecutus.</strong></span> <span class='ocrx_word' id='word_1_131' title='bbox 669 1647 746 1709; x_wconf 88' lang='lat' dir='ltr'><strong>helia</strong></span> <span class='ocrx_word' id='word_1_132' title='bbox 762 1666 811 1709; x_wconf 92' lang='lat' dir='ltr'><strong>res</strong></span> <span class='ocrx_word' id='word_1_133' title='bbox 826 1658 856 1709; x_wconf 90' lang='lat' dir='ltr'><strong>et</strong></span> <span class='ocrx_word' id='word_1_134' title='bbox 870 1649 936 1722; x_wconf 89' lang='lat' dir='ltr'><strong>iste,</strong></span> <span class='ocrx_word' id='word_1_135' title='bbox 959 1650 1008 1729; x_wconf 97' lang='lat' dir='ltr'><strong>qui</strong></span> <span class='ocrx_word' id='word_1_136' title='bbox 1025 1658 1054 1710; x_wconf 90' lang='lat' dir='ltr'><strong>te</strong></span> <span class='ocrx_word' id='word_1_137' title='bbox 1070 1649 1142 1711; x_wconf 90' lang='lat' dir='ltr'><strong>haec</strong></span> <span class='ocrx_word' id='word_1_138' title='bbox 1157 1648 1253 1724; x_wconf 86' lang='lat' dir='ltr'><strong>docet,</strong></span> <span class='ocrx_word' id='word_1_139' title='bbox 1270 1668 1335 1711; x_wconf 90' lang='lat' dir='ltr'><strong>mu·</strong></span> <span class='ocrx_word' id='word_1_140' title='bbox 1358 1660 1386 1709; x_wconf 83' lang='lat'><strong>13</strong></span> 
     </span>
     <span class='ocr_line' id='line_1_15' title="bbox 253 1732 1337 1819; baseline 0 -22"><span class='ocrx_word' id='word_1_141' title='bbox 253 1736 339 1819; x_wconf 81' lang='lat' dir='ltr'><strong>hius,</strong></span> <span class='ocrx_word' id='word_1_142' title='bbox 355 1753 417 1795; x_wconf 90' lang='lat' dir='ltr'><strong>non</strong></span> <span class='ocrx_word' id='word_1_143' title='bbox 430 1733 580 1815; x_wconf 89' lang='lat' dir='ltr'><strong>magister.</strong></span> <span class='ocrx_word' id='word_1_144' title='bbox 600 1751 653 1795; x_wconf 82' lang='lat' dir='ltr'><strong>nos</strong></span> <span class='ocrx_word' id='word_1_145' title='bbox 668 1732 834 1809; x_wconf 87' lang='lat' dir='ltr'><strong>didicimus,</strong></span> <span class='ocrx_word' id='word_1_146' title='bbox 850 1734 968 1795; x_wconf 89' lang='lat' dir='ltr'><strong>dicebat</strong></span> <span class='ocrx_word' id='word_1_147' title='bbox 982 1735 1062 1795; x_wconf 90' lang='lat' dir='ltr'><strong>enim</strong></span> <span class='ocrx_word' id='word_1_148' title='bbox 1075 1735 1229 1814; x_wconf 87' lang='lat' dir='ltr'><strong>magister:</strong></span> <span class='ocrx_word' id='word_1_149' title='bbox 1245 1740 1337 1797; x_wconf 85' lang='lat' dir='ltr'><strong>“sunt</strong></span> 
     </span>
    </p>

    <p class='ocr_par' dir='ltr' id='par_1_6' title="bbox 206 1816 1386 2072">
     <span class='ocr_line' id='line_1_16' title="bbox 206 1816 1335 1899; baseline 0.001 -18"><span class='ocrx_word' id='word_1_150' title='bbox 206 1832 233 1882; x_wconf 77' lang='lat'><strong>15</strong></span> <span class='ocrx_word' id='word_1_151' title='bbox 251 1829 349 1883; x_wconf 89' lang='lat' dir='ltr'><strong>vestra</strong></span> <span class='ocrx_word' id='word_1_152' title='bbox 361 1816 462 1881; x_wconf 79' lang='lat' dir='ltr'><strong>salva?</strong></span> <span class='ocrx_word' id='word_1_153' title='bbox 485 1826 565 1881; x_wconf 91' lang='lat' dir='ltr'><strong>recta</strong></span> <span class='ocrx_word' id='word_1_154' title='bbox 581 1818 717 1894; x_wconf 92' lang='lat' dir='ltr'><strong>domum;</strong></span> <span class='ocrx_word' id='word_1_155' title='bbox 740 1837 820 1892; x_wconf 91' lang='lat' dir='ltr'><strong>cave,</strong></span> <span class='ocrx_word' id='word_1_156' title='bbox 837 1819 1076 1899; x_wconf 89' lang='lat' dir='ltr'><strong>circumspicias;</strong></span> <span class='ocrx_word' id='word_1_157' title='bbox 1099 1840 1178 1894; x_wconf 88' lang='lat' dir='ltr'><strong>cave,</strong></span> <span class='ocrx_word' id='word_1_158' title='bbox 1194 1822 1335 1883; x_wconf 90' lang='lat' dir='ltr'><strong>maiorem</strong></span> 
     </span>
     <span class='ocr_line' id='line_1_17' title="bbox 253 1905 1386 1987; baseline -0.003 -19"><span class='ocrx_word' id='word_1_159' title='bbox 253 1905 423 1969; x_wconf 88' lang='lat' dir='ltr'><strong>maledicas.</strong></span> <span class='ocrx_word' id='word_1_160' title='bbox 456 1913 506 1966; x_wconf 91' lang='lat' dir='ltr'><strong>aut</strong></span> <span class='ocrx_word' id='word_1_161' title='bbox 522 1922 646 1965; x_wconf 90' lang='lat' dir='ltr'><strong>numera</strong></span> <span class='ocrx_word' id='word_1_162' title='bbox 670 1905 808 1985; x_wconf 89' lang='lat' dir='ltr'><strong>mapalia:</strong></span> <span class='ocrx_word' id='word_1_163' title='bbox 833 1924 922 1966; x_wconf 90' lang='lat' dir='ltr'><strong>nemo</strong></span> <span class='ocrx_word' id='word_1_164' title='bbox 945 1906 1090 1987; x_wconf 88' lang='lat' dir='ltr'><strong>dupondii</strong></span> <span class='ocrx_word' id='word_1_165' title='bbox 1109 1905 1234 1968; x_wconf 86' lang='lat' dir='ltr'><strong>evadit.’&#39;</strong></span> <span class='ocrx_word' id='word_1_166' title='bbox 1268 1926 1334 1987; x_wconf 87' lang='lat' dir='ltr'><strong>ego,</strong></span> <span class='ocrx_word' id='word_1_167' title='bbox 1358 1916 1386 1966; x_wconf 80' lang='lat'><strong>14</strong></span> 
     </span>
     <span class='ocr_line' id='line_1_18' title="bbox 253 1990 1280 2072; baseline -0.001 -18"><span class='ocrx_word' id='word_1_168' title='bbox 253 1991 334 2072; x_wconf 91' lang='lat' dir='ltr'><strong>quod</strong></span> <span class='ocrx_word' id='word_1_169' title='bbox 349 2008 399 2052; x_wconf 84' lang='lat' dir='ltr'><strong>me</strong></span> <span class='ocrx_word' id='word_1_170' title='bbox 416 1990 460 2053; x_wconf 92' lang='lat' dir='ltr'><strong>sic</strong></span> <span class='ocrx_word' id='word_1_171' title='bbox 473 1990 565 2064; x_wconf 88' lang='lat' dir='ltr'><strong>vides,</strong></span> <span class='ocrx_word' id='word_1_172' title='bbox 580 1998 705 2069; x_wconf 92' lang='lat' dir='ltr'><strong>propter</strong></span> <span class='ocrx_word' id='word_1_173' title='bbox 720 1990 879 2051; x_wconf 82' lang='lat' dir='ltr'><strong>artificium</strong></span> <span class='ocrx_word' id='word_1_174' title='bbox 896 2009 995 2053; x_wconf 89' lang='lat' dir='ltr'><strong>meum</strong></span> <span class='ocrx_word' id='word_1_175' title='bbox 1011 1991 1066 2053; x_wconf 92' lang='lat' dir='ltr'><strong>diis</strong></span> <span class='ocrx_word' id='word_1_176' title='bbox 1081 1994 1189 2071; x_wconf 82' lang='lat' dir='ltr'><strong>gratias</strong></span> <span class='ocrx_word' id='word_1_177' title='bbox 1204 1992 1280 2070; x_wconf 93' lang='lat' dir='ltr'><strong>ago.&#39;</strong></span> 
     </span>
    </p>

    <p class='ocr_par' dir='ltr' id='par_1_7' title="bbox 253 2073 1393 2242">
     <span class='ocr_line' id='line_1_19' title="bbox 338 2073 1393 2157; baseline 0.003 -19"><span class='ocrx_word' id='word_1_178' title='bbox 338 2083 481 2156; x_wconf 90' lang='lat' dir='ltr'><strong>coeperat</strong></span> <span class='ocrx_word' id='word_1_179' title='bbox 496 2074 629 2155; x_wconf 78' lang='lat' dir='ltr'><strong>Ascyltos</strong></span> <span class='ocrx_word' id='word_1_180' title='bbox 648 2076 832 2157; x_wconf 88' lang='lat' dir='ltr'><strong>respondere</strong></span> <span class='ocrx_word' id='word_1_181' title='bbox 851 2076 997 2150; x_wconf 88' lang='lat' dir='ltr'><strong>convicio,</strong></span> <span class='ocrx_word' id='word_1_182' title='bbox 1020 2078 1072 2138; x_wconf 89' lang='lat' dir='ltr'><strong>sed</strong></span> <span class='ocrx_word' id='word_1_183' title='bbox 1088 2077 1265 2139; x_wconf 85' lang='lat' dir='ltr'><strong>Trimalchio</strong></span> <span class='ocrx_word' id='word_1_184' title='bbox 1281 2077 1333 2139; x_wconf 93' lang='lat' dir='ltr'><strong>de·</strong></span> <span class='ocrx_word' id='word_1_185' title='bbox 1349 2073 1393 2141; x_wconf 76' lang='lat'><strong>59</strong></span> 
     </span>
     <span class='ocr_line' id='line_1_20' title="bbox 253 2159 1337 2242; baseline 0.001 -18"><span class='ocrx_word' id='word_1_186' title='bbox 253 2163 380 2225; x_wconf 90' lang='lat' dir='ltr'><strong>lectatus</strong></span> <span class='ocrx_word' id='word_1_187' title='bbox 395 2160 544 2223; x_wconf 90' lang='lat' dir='ltr'><strong>colliberti</strong></span> <span class='ocrx_word' id='word_1_188' title='bbox 564 2159 734 2240; x_wconf 88' lang='lat' dir='ltr'><strong>eloquentia</strong></span> <span class='ocrx_word' id='word_1_189' title='bbox 754 2160 856 2240; x_wconf 77' lang='lat' dir='ltr'><strong>‘agite’</strong></span> <span class='ocrx_word' id='word_1_190' title='bbox 876 2162 974 2242; x_wconf 92' lang='lat' dir='ltr'><strong>inquit</strong></span> <span class='ocrx_word' id='word_1_191' title='bbox 993 2162 1162 2225; x_wconf 87' lang='lat' dir='ltr'><strong>‘scordalias</strong></span> <span class='ocrx_word' id='word_1_192' title='bbox 1177 2162 1214 2224; x_wconf 89' lang='lat' dir='ltr'><strong>de</strong></span> <span class='ocrx_word' id='word_1_193' title='bbox 1229 2163 1337 2225; x_wconf 89' lang='lat' dir='ltr'><strong>medio.</strong></span> 
     </span>
    </p>

    <p class='ocr_par' dir='ltr' id='par_1_8' title="bbox 205 2246 1337 2328">
     <span class='ocr_line' id='line_1_21' title="bbox 205 2246 1337 2328; baseline 0.001 -19"><span class='ocrx_word' id='word_1_194' title='bbox 205 2258 232 2309; x_wconf 73' lang='lat' dir='ltr'><strong>at</strong></span> <span class='ocrx_word' id='word_1_195' title='bbox 251 2248 382 2311; x_wconf 83' lang='lat' dir='ltr'><strong>suaviter</strong></span> <span class='ocrx_word' id='word_1_196' title='bbox 396 2246 436 2309; x_wconf 86' lang='lat' dir='ltr'><strong>sit</strong></span> <span class='ocrx_word' id='word_1_197' title='bbox 450 2246 561 2326; x_wconf 88' lang='lat' dir='ltr'><strong>potius,</strong></span> <span class='ocrx_word' id='word_1_198' title='bbox 583 2254 614 2308; x_wconf 88' lang='lat' dir='ltr'><strong>et</strong></span> <span class='ocrx_word' id='word_1_199' title='bbox 627 2255 671 2320; x_wconf 92' lang='lat' dir='ltr'><strong>tu,</strong></span> <span class='ocrx_word' id='word_1_200' title='bbox 693 2246 865 2328; x_wconf 79' lang='lat' dir='ltr'><strong>Hermeros,</strong></span> <span class='ocrx_word' id='word_1_201' title='bbox 889 2266 978 2327; x_wconf 88' lang='lat' dir='ltr'><strong>parce</strong></span> <span class='ocrx_word' id='word_1_202' title='bbox 998 2248 1231 2310; x_wconf 88' lang='lat' dir='ltr'><strong>adulescentulo.</strong></span> <span class='ocrx_word' id='word_1_203' title='bbox 1269 2268 1337 2310; x_wconf 92' lang='lat' dir='ltr'><strong>san-</strong></span> 
     </span>
    </p>

    <p class='ocr_par' dir='ltr' id='par_1_9' title="bbox 205 2330 1372 2415">
     <span class='ocr_line' id='line_1_22' title="bbox 205 2330 1372 2415; baseline -0.005 -15"><span class='ocrx_word' id='word_1_204' title='bbox 205 2348 334 2414; x_wconf 74' lang='lat' dir='ltr'><strong>nguen</strong></span> <span class='ocrx_word' id='word_1_205' title='bbox 352 2332 395 2394; x_wconf 93' lang='lat' dir='ltr'><strong>illi</strong></span> <span class='ocrx_word' id='word_1_206' title='bbox 410 2332 514 2406; x_wconf 78' lang='lat' dir='ltr'><strong>Terret,</strong></span> <span class='ocrx_word' id='word_1_207' title='bbox 538 2341 570 2393; x_wconf 90' lang='lat' dir='ltr'><strong>tu</strong></span> <span class='ocrx_word' id='word_1_208' title='bbox 586 2331 692 2393; x_wconf 87' lang='lat' dir='ltr'><strong>mehor</strong></span> <span class='ocrx_word' id='word_1_209' title='bbox 707 2342 779 2394; x_wconf 89' lang='lat' dir='ltr'><strong>esto.</strong></span> <span class='ocrx_word' id='word_1_210' title='bbox 799 2330 805 2415; x_wconf 91' lang='grc' dir='ltr'>Ι</span> <span class='ocrx_word' id='word_1_211' title='bbox 824 2352 943 2414; x_wconf 89' lang='lat' dir='ltr'><strong>semper</strong></span> <span class='ocrx_word' id='word_1_212' title='bbox 958 2333 988 2394; x_wconf 95' lang='lat' dir='ltr'><strong>in</strong></span> <span class='ocrx_word' id='word_1_213' title='bbox 1005 2335 1060 2395; x_wconf 92' lang='lat' dir='ltr'><strong>hac</strong></span> <span class='ocrx_word' id='word_1_214' title='bbox 1079 2352 1112 2395; x_wconf 88' lang='lat' dir='ltr'><strong>re</strong></span> <span class='ocrx_word' id='word_1_215' title='bbox 1131 2334 1182 2414; x_wconf 95' lang='lat' dir='ltr'><strong>qui</strong></span> <span class='ocrx_word' id='word_1_216' title='bbox 1198 2334 1337 2409; x_wconf 90' lang='lat' dir='ltr'><strong>vincitur,</strong></span> <span class='ocrx_word' id='word_1_217' title='bbox 1358 2346 1372 2394; x_wconf 83' lang='lat'><strong>2</strong></span> 
     </span>
    </p>

    <p class='ocr_par' dir='ltr' id='par_1_10' title="bbox 221 2415 1374 2672">
     <span class='ocr_line' id='line_1_23' title="bbox 221 2415 1339 2500; baseline -0.004 -15"><span class='ocrx_word' id='word_1_218' title='bbox 221 2419 358 2485; x_wconf 77' lang='lat' dir='ltr'><strong>uvincit.</strong></span> <span class='ocrx_word' id='word_1_219' title='bbox 378 2415 384 2500; x_wconf 92' lang='grc' dir='ltr'>Ι</span> <span class='ocrx_word' id='word_1_220' title='bbox 404 2425 435 2479; x_wconf 92' lang='lat' dir='ltr'><strong>et</strong></span> <span class='ocrx_word' id='word_1_221' title='bbox 449 2425 480 2478; x_wconf 94' lang='lat' dir='ltr'><strong>tu</strong></span> <span class='ocrx_word' id='word_1_222' title='bbox 496 2436 565 2479; x_wconf 89' lang='lat' dir='ltr'><strong>cnm</strong></span> <span class='ocrx_word' id='word_1_223' title='bbox 582 2435 663 2479; x_wconf 89' lang='lat' dir='ltr'><strong>esses</strong></span> <span class='ocrx_word' id='word_1_224' title='bbox 679 2436 763 2498; x_wconf 90' lang='lat' dir='ltr'><strong>capo,</strong></span> <span class='ocrx_word' id='word_1_225' title='bbox 779 2437 941 2492; x_wconf 91' lang='lat' dir='ltr'><strong>cocococo,</strong></span> <span class='ocrx_word' id='word_1_226' title='bbox 956 2428 1045 2498; x_wconf 90' lang='lat' dir='ltr'><strong>atque</strong></span> <span class='ocrx_word' id='word_1_227' title='bbox 1057 2438 1109 2481; x_wconf 94' lang='lat' dir='ltr'><strong>cor</strong></span> <span class='ocrx_word' id='word_1_228' title='bbox 1127 2439 1186 2480; x_wconf 94' lang='lat' dir='ltr'><strong>non</strong></span> <span class='ocrx_word' id='word_1_229' title='bbox 1200 2420 1339 2482; x_wconf 91' lang='lat' dir='ltr'><strong>habebas.</strong></span> 
     </span>
     <span class='ocr_line' id='line_1_24' title="bbox 253 2502 1340 2584; baseline 0.001 -17"><span class='ocrx_word' id='word_1_230' title='bbox 253 2505 347 2567; x_wconf 88' lang='lat' dir='ltr'><strong>simus</strong></span> <span class='ocrx_word' id='word_1_231' title='bbox 370 2520 454 2582; x_wconf 86' lang='lat' dir='ltr'><strong>crgo,</strong></span> <span class='ocrx_word' id='word_1_232' title='bbox 477 2503 558 2583; x_wconf 92' lang='lat' dir='ltr'><strong>quod</strong></span> <span class='ocrx_word' id='word_1_233' title='bbox 580 2502 687 2565; x_wconf 90' lang='lat' dir='ltr'><strong>melius</strong></span> <span class='ocrx_word' id='word_1_234' title='bbox 710 2512 763 2577; x_wconf 86' lang='lat' dir='ltr'><strong>est,</strong></span> <span class='ocrx_word' id='word_1_235' title='bbox 786 2523 802 2565; x_wconf 96' lang='lat' dir='ltr'><strong>a</strong></span> <span class='ocrx_word' id='word_1_236' title='bbox 825 2504 964 2584; x_wconf 91' lang='lat' dir='ltr'><strong>primitiis</strong></span> <span class='ocrx_word' id='word_1_237' title='bbox 983 2504 1092 2566; x_wconf 88' lang='lat' dir='ltr'><strong>hilares</strong></span> <span class='ocrx_word' id='word_1_238' title='bbox 1113 2514 1142 2565; x_wconf 90' lang='lat' dir='ltr'><strong>et</strong></span> <span class='ocrx_word' id='word_1_239' title='bbox 1160 2505 1340 2568; x_wconf 86' lang='lat' dir='ltr'><strong>Homeristas</strong></span> 
     </span>
     <span class='ocr_line' id='line_1_25' title="bbox 253 2587 1374 2672; baseline -0.001 -20"><span class='ocrx_word' id='word_1_240' title='bbox 253 2587 446 2671; x_wconf 85' lang='lat' dir='ltr'><strong>spectemus&#39;.</strong></span> <span class='ocrx_word' id='word_1_241' title='bbox 490 2588 612 2649; x_wconf 90' lang='lat' dir='ltr'><strong>intravit</strong></span> <span class='ocrx_word' id='word_1_242' title='bbox 633 2589 722 2650; x_wconf 80' lang='lat' dir='ltr'><strong>factio</strong></span> <span class='ocrx_word' id='word_1_243' title='bbox 745 2590 843 2651; x_wconf 89' lang='lat' dir='ltr'><strong>statim</strong></span> <span class='ocrx_word' id='word_1_244' title='bbox 872 2590 1024 2669; x_wconf 90' lang='lat' dir='ltr'><strong>hastisque</strong></span> <span class='ocrx_word' id='word_1_245' title='bbox 1046 2600 1129 2651; x_wconf 94' lang='lat' dir='ltr'><strong>scuta</strong></span> <span class='ocrx_word' id='word_1_246' title='bbox 1152 2592 1338 2672; x_wconf 88' lang='lat' dir='ltr'><strong>concrepuit.</strong></span> <span class='ocrx_word' id='word_1_247' title='bbox 1359 2601 1374 2651; x_wconf 85' lang='lat'><strong>3</strong></span> 
     </span>
    </p>

    <p class='ocr_par' dir='ltr' id='par_1_11' title="bbox 205 2673 1373 3099">
     <span class='ocr_line' id='line_1_26' title="bbox 205 2673 1339 2757; baseline 0.004 -22"><span class='ocrx_word' id='word_1_248' title='bbox 205 2684 233 2735; x_wconf 78' lang='lat' dir='ltr'><strong>m</strong></span> <span class='ocrx_word' id='word_1_249' title='bbox 252 2676 317 2757; x_wconf 90' lang='lat' dir='ltr'><strong>ipse</strong></span> <span class='ocrx_word' id='word_1_250' title='bbox 332 2673 513 2737; x_wconf 83' lang='lat' dir='ltr'><strong>Trimalchio</strong></span> <span class='ocrx_word' id='word_1_251' title='bbox 534 2674 565 2735; x_wconf 93' lang='lat' dir='ltr'><strong>in</strong></span> <span class='ocrx_word' id='word_1_252' title='bbox 581 2673 704 2757; x_wconf 89' lang='lat' dir='ltr'><strong>pulvino</strong></span> <span class='ocrx_word' id='word_1_253' title='bbox 720 2675 867 2748; x_wconf 85' lang='lat' dir='ltr'><strong>consedit,</strong></span> <span class='ocrx_word' id='word_1_254' title='bbox 888 2684 1000 2736; x_wconf 88' lang='lat' dir='ltr'><strong>etcum</strong></span> <span class='ocrx_word' id='word_1_255' title='bbox 1017 2675 1202 2736; x_wconf 90' lang='lat' dir='ltr'><strong>Homeristae</strong></span> <span class='ocrx_word' id='word_1_256' title='bbox 1218 2676 1339 2739; x_wconf 90' lang='lat' dir='ltr'><strong>Graecis</strong></span> 
     </span>
     <span class='ocr_line' id='line_1_27' title="bbox 252 2759 1338 2839; baseline 0.002 -18"><span class='ocrx_word' id='word_1_257' title='bbox 252 2759 390 2824; x_wconf 89' lang='lat' dir='ltr'><strong>versibus</strong></span> <span class='ocrx_word' id='word_1_258' title='bbox 413 2759 669 2839; x_wconf 89' lang='lat' dir='ltr'><strong>colloquerentur,</strong></span> <span class='ocrx_word' id='word_1_259' title='bbox 690 2768 725 2821; x_wconf 94' lang='lat' dir='ltr'><strong>ut</strong></span> <span class='ocrx_word' id='word_1_260' title='bbox 746 2760 913 2822; x_wconf 90' lang='lat' dir='ltr'><strong>insolenter</strong></span> <span class='ocrx_word' id='word_1_261' title='bbox 931 2761 1038 2833; x_wconf 90' lang='lat' dir='ltr'><strong>solent,</strong></span> <span class='ocrx_word' id='word_1_262' title='bbox 1061 2760 1111 2822; x_wconf 91' lang='lat' dir='ltr'><strong>ille</strong></span> <span class='ocrx_word' id='word_1_263' title='bbox 1133 2780 1245 2822; x_wconf 90' lang='lat' dir='ltr'><strong>canora</strong></span> <span class='ocrx_word' id='word_1_264' title='bbox 1266 2780 1338 2823; x_wconf 88' lang='lat' dir='ltr'><strong>voce</strong></span> 
     </span>
     <span class='ocr_line' id='line_1_28' title="bbox 253 2844 1337 2928; baseline -0.001 -19"><span class='ocrx_word' id='word_1_265' title='bbox 253 2846 359 2909; x_wconf 86' lang='lat' dir='ltr'><strong>Latine</strong></span> <span class='ocrx_word' id='word_1_266' title='bbox 382 2844 500 2927; x_wconf 90' lang='lat' dir='ltr'><strong>legebat</strong></span> <span class='ocrx_word' id='word_1_267' title='bbox 521 2844 640 2906; x_wconf 90' lang='lat' dir='ltr'><strong>librum.</strong></span> <span class='ocrx_word' id='word_1_268' title='bbox 678 2864 746 2907; x_wconf 85' lang='lat' dir='ltr'><strong>mox</strong></span> <span class='ocrx_word' id='word_1_269' title='bbox 763 2846 882 2907; x_wconf 89' lang='lat' dir='ltr'><strong>silentio</strong></span> <span class='ocrx_word' id='word_1_270' title='bbox 901 2846 978 2907; x_wconf 86' lang='lat' dir='ltr'><strong>lacto</strong></span> <span class='ocrx_word' id='word_1_271' title='bbox 996 2845 1097 2908; x_wconf 84' lang='lat' dir='ltr'><strong>‘scitis&#39;</strong></span> <span class='ocrx_word' id='word_1_272' title='bbox 1119 2846 1217 2926; x_wconf 92' lang='lat' dir='ltr'><strong>inquit</strong></span> <span class='ocrx_word' id='word_1_273' title='bbox 1240 2853 1337 2928; x_wconf 90' lang='lat' dir='ltr'><strong>‘quam</strong></span> 
     </span>
     <span class='ocr_line' id='line_1_29' title="bbox 253 2927 1373 3013; baseline 0.002 -20"><span class='ocrx_word' id='word_1_274' title='bbox 253 2931 385 2994; x_wconf 84' lang='lat' dir='ltr'><strong>fabulam</strong></span> <span class='ocrx_word' id='word_1_275' title='bbox 407 2927 520 3011; x_wconf 81' lang='lat' dir='ltr'><strong>agant?</strong></span> <span class='ocrx_word' id='word_1_276' title='bbox 558 2930 715 2993; x_wconf 84' lang='lat' dir='ltr'><strong>Diomedes</strong></span> <span class='ocrx_word' id='word_1_277' title='bbox 737 2941 767 2993; x_wconf 90' lang='lat' dir='ltr'><strong>et</strong></span> <span class='ocrx_word' id='word_1_278' title='bbox 786 2931 972 3013; x_wconf 80' lang='lat' dir='ltr'><strong>Ganymedes</strong></span> <span class='ocrx_word' id='word_1_279' title='bbox 995 2931 1054 2993; x_wconf 94' lang='lat' dir='ltr'><strong>duo</strong></span> <span class='ocrx_word' id='word_1_280' title='bbox 1077 2934 1184 2994; x_wconf 88' lang='lat' dir='ltr'><strong>iratres</strong></span> <span class='ocrx_word' id='word_1_281' title='bbox 1206 2933 1337 2998; x_wconf 83' lang='lat' dir='ltr'><strong>fuerunt.</strong></span> <span class='ocrx_word' id='word_1_282' title='bbox 1358 2944 1373 2994; x_wconf 85' lang='grc'><strong>4</strong></span> 
     </span>
     <span class='ocr_line' id='line_1_30' title="bbox 254 3015 1338 3099; baseline 0.001 -19"><span class='ocrx_word' id='word_1_283' title='bbox 254 3017 363 3080; x_wconf 91' lang='lat' dir='ltr'><strong>horum</strong></span> <span class='ocrx_word' id='word_1_284' title='bbox 385 3034 472 3078; x_wconf 89' lang='lat' dir='ltr'><strong>soror</strong></span> <span class='ocrx_word' id='word_1_285' title='bbox 495 3025 559 3077; x_wconf 87' lang='lat' dir='ltr'><strong>erat</strong></span> <span class='ocrx_word' id='word_1_286' title='bbox 574 3015 697 3081; x_wconf 89' lang='lat' dir='ltr'><strong>Helena.</strong></span> <span class='ocrx_word' id='word_1_287' title='bbox 735 3020 941 3095; x_wconf 76' lang='lat' dir='ltr'><strong>Agamemnon</strong></span> <span class='ocrx_word' id='word_1_288' title='bbox 963 3018 1043 3079; x_wconf 93' lang='lat' dir='ltr'><strong>illam</strong></span> <span class='ocrx_word' id='word_1_289' title='bbox 1064 3018 1163 3099; x_wconf 86' lang='lat' dir='ltr'><strong>rapuit</strong></span> <span class='ocrx_word' id='word_1_290' title='bbox 1182 3027 1212 3080; x_wconf 94' lang='lat' dir='ltr'><strong>et</strong></span> <span class='ocrx_word' id='word_1_291' title='bbox 1227 3018 1338 3081; x_wconf 86' lang='lat' dir='ltr'><strong>Dianae</strong></span> 
     </span>
    </p>

    <p class='ocr_par' dir='ltr' id='par_1_12' title="bbox 206 3100 1378 3524">
     <span class='ocr_line' id='line_1_31' title="bbox 206 3100 1338 3183; baseline 0.004 -21"><span class='ocrx_word' id='word_1_292' title='bbox 206 3112 233 3162; x_wconf 84' lang='lat' dir='ltr'><strong>au</strong></span> <span class='ocrx_word' id='word_1_293' title='bbox 252 3121 369 3165; x_wconf 88' lang='lat' dir='ltr'><strong>cervam</strong></span> <span class='ocrx_word' id='word_1_294' title='bbox 386 3100 523 3163; x_wconf 86' lang='lat' dir='ltr'><strong>subiecit.</strong></span> <span class='ocrx_word' id='word_1_295' title='bbox 561 3101 600 3161; x_wconf 88' lang='lat' dir='ltr'><strong>ita</strong></span> <span class='ocrx_word' id='word_1_296' title='bbox 622 3119 704 3163; x_wconf 95' lang='lat' dir='ltr'><strong>nunc</strong></span> <span class='ocrx_word' id='word_1_297' title='bbox 721 3101 867 3165; x_wconf 87' lang='lat' dir='ltr'><strong>Homeros</strong></span> <span class='ocrx_word' id='word_1_298' title='bbox 888 3103 969 3183; x_wconf 84' lang='lat' dir='ltr'><strong>dicit,</strong></span> <span class='ocrx_word' id='word_1_299' title='bbox 992 3105 1241 3183; x_wconf 88' lang='lat' dir='ltr'><strong>quemadmodum</strong></span> <span class='ocrx_word' id='word_1_300' title='bbox 1260 3105 1338 3166; x_wconf 89' lang='lat' dir='ltr'><strong>inter</strong></span> 
     </span>
     <span class='ocr_line' id='line_1_32' title="bbox 254 3185 1372 3270; baseline -0.002 -19"><span class='ocrx_word' id='word_1_301' title='bbox 254 3208 286 3251; x_wconf 91' lang='lat' dir='ltr'><strong>se</strong></span> <span class='ocrx_word' id='word_1_302' title='bbox 306 3195 447 3270; x_wconf 81' lang='lat' dir='ltr'><strong>pugnent</strong></span> <span class='ocrx_word' id='word_1_303' title='bbox 468 3185 590 3248; x_wconf 92' lang='lat' dir='ltr'><strong>Troiani</strong></span> <span class='ocrx_word' id='word_1_304' title='bbox 612 3194 643 3249; x_wconf 91' lang='lat' dir='ltr'><strong>ct</strong></span> <span class='ocrx_word' id='word_1_305' title='bbox 665 3187 828 3249; x_wconf 89' lang='lat' dir='ltr'><strong>Parentini.</strong></span> <span class='ocrx_word' id='word_1_306' title='bbox 865 3188 935 3249; x_wconf 90' lang='lat' dir='ltr'><strong>vicit</strong></span> <span class='ocrx_word' id='word_1_307' title='bbox 955 3189 1069 3251; x_wconf 91' lang='lat' dir='ltr'><strong>scilicet</strong></span> <span class='ocrx_word' id='word_1_308' title='bbox 1090 3198 1120 3251; x_wconf 92' lang='lat' dir='ltr'><strong>et</strong></span> <span class='ocrx_word' id='word_1_309' title='bbox 1140 3189 1335 3270; x_wconf 84' lang='lat' dir='ltr'><strong>Iphigeniam,</strong></span> <span class='ocrx_word' id='word_1_310' title='bbox 1358 3202 1372 3249; x_wconf 86' lang='lat'>5</span> 
     </span>
     <span class='ocr_line' id='line_1_33' title="bbox 253 3271 1378 3348; baseline 0.001 -12"><span class='ocrx_word' id='word_1_311' title='bbox 253 3274 344 3336; x_wconf 81' lang='lat' dir='ltr'><strong>filiam</strong></span> <span class='ocrx_word' id='word_1_312' title='bbox 366 3289 469 3345; x_wconf 88' lang='lat' dir='ltr'><strong>suam,</strong></span> <span class='ocrx_word' id='word_1_313' title='bbox 490 3271 597 3333; x_wconf 77' lang='lat' dir='ltr'><strong>Achilli</strong></span> <span class='ocrx_word' id='word_1_314' title='bbox 620 3272 701 3334; x_wconf 91' lang='lat' dir='ltr'><strong>dedit</strong></span> <span class='ocrx_word' id='word_1_315' title='bbox 724 3291 857 3337; x_wconf 81' lang='lat' dir='ltr'><strong>uxorem.</strong></span> <span class='ocrx_word' id='word_1_316' title='bbox 895 3273 934 3335; x_wconf 91' lang='lat' dir='ltr'><strong>oh</strong></span> <span class='ocrx_word' id='word_1_317' title='bbox 957 3293 1022 3335; x_wconf 90' lang='lat' dir='ltr'><strong>cam</strong></span> <span class='ocrx_word' id='word_1_318' title='bbox 1045 3293 1109 3336; x_wconf 91' lang='lat' dir='ltr'><strong>rem</strong></span> <span class='ocrx_word' id='word_1_319' title='bbox 1132 3276 1203 3336; x_wconf 80' lang='lat' dir='ltr'><strong>Aiax</strong></span> <span class='ocrx_word' id='word_1_320' title='bbox 1227 3276 1338 3338; x_wconf 90' lang='lat' dir='ltr'><strong>insanit</strong></span> <span class='ocrx_word' id='word_1_321' title='bbox 1376 3345 1378 3348; x_wconf 11' lang='lat' dir='ltr'><strong>g</strong></span> 
     </span>
     <span class='ocr_line' id='line_1_34' title="bbox 254 3358 1371 3439; baseline -0.001 -18"><span class='ocrx_word' id='word_1_322' title='bbox 254 3368 283 3421; x_wconf 90' lang='lat' dir='ltr'><strong>et</strong></span> <span class='ocrx_word' id='word_1_323' title='bbox 303 3359 405 3421; x_wconf 90' lang='lat' dir='ltr'><strong>statim</strong></span> <span class='ocrx_word' id='word_1_324' title='bbox 430 3366 640 3438; x_wconf 87' lang='lat' dir='ltr'><strong>argumentum</strong></span> <span class='ocrx_word' id='word_1_325' title='bbox 667 3358 844 3439; x_wconf 84' lang='lat' dir='ltr'><strong>explicabit&#39;.</strong></span> <span class='ocrx_word' id='word_1_326' title='bbox 889 3360 962 3419; x_wconf 88' lang='lat' dir='ltr'><strong>hacc</strong></span> <span class='ocrx_word' id='word_1_327' title='bbox 988 3368 1023 3421; x_wconf 94' lang='lat' dir='ltr'><strong>ut</strong></span> <span class='ocrx_word' id='word_1_328' title='bbox 1050 3360 1124 3421; x_wconf 83' lang='lat' dir='ltr'><strong>dixit</strong></span> <span class='ocrx_word' id='word_1_329' title='bbox 1145 3361 1334 3436; x_wconf 90' lang='lat' dir='ltr'><strong>Trimalchio,</strong></span> <span class='ocrx_word' id='word_1_330' title='bbox 1356 3372 1371 3420; x_wconf 85' lang='lat'><strong>6</strong></span> 
     </span>
     <span class='ocr_line' id='line_1_35' title="bbox 253 3442 1335 3524; baseline 0.003 -18"><span class='ocrx_word' id='word_1_331' title='bbox 253 3444 416 3507; x_wconf 90' lang='lat' dir='ltr'><strong>clamorem</strong></span> <span class='ocrx_word' id='word_1_332' title='bbox 432 3442 618 3506; x_wconf 85' lang='lat' dir='ltr'><strong>Homeristae</strong></span> <span class='ocrx_word' id='word_1_333' title='bbox 633 3445 830 3524; x_wconf 79' lang='lat' dir='ltr'><strong>sustulerunt,</strong></span> <span class='ocrx_word' id='word_1_334' title='bbox 852 3444 992 3524; x_wconf 90' lang='lat' dir='ltr'><strong>interque</strong></span> <span class='ocrx_word' id='word_1_335' title='bbox 1011 3446 1148 3507; x_wconf 81' lang='lat' dir='ltr'><strong>familiam</strong></span> <span class='ocrx_word' id='word_1_336' title='bbox 1165 3447 1335 3509; x_wconf 91' lang='lat' dir='ltr'><strong>discurren-</strong></span> 
     </span>
    </p>

    <p class='ocr_par' dir='ltr' id='par_1_13' title="bbox 207 3527 1369 3868">
     <span class='ocr_line' id='line_1_36' title="bbox 207 3527 1335 3613; baseline 0.005 -24"><span class='ocrx_word' id='word_1_337' title='bbox 207 3540 231 3589; x_wconf 81' lang='lat' dir='ltr'><strong>to</strong></span> <span class='ocrx_word' id='word_1_338' title='bbox 251 3538 310 3593; x_wconf 84' lang='lat' dir='ltr'><strong>tem</strong></span> <span class='ocrx_word' id='word_1_339' title='bbox 325 3528 438 3591; x_wconf 87' lang='lat' dir='ltr'><strong>vitulus</strong></span> <span class='ocrx_word' id='word_1_340' title='bbox 460 3528 491 3590; x_wconf 93' lang='lat' dir='ltr'><strong>in</strong></span> <span class='ocrx_word' id='word_1_341' title='bbox 514 3527 599 3591; x_wconf 93' lang='lat' dir='ltr'><strong>lance</strong></span> <span class='ocrx_word' id='word_1_342' title='bbox 614 3529 736 3590; x_wconf 91' lang='lat' dir='ltr'><strong>donaria</strong></span> <span class='ocrx_word' id='word_1_343' title='bbox 752 3529 846 3591; x_wconf 86' lang='lat' dir='ltr'><strong>elixus</strong></span> <span class='ocrx_word' id='word_1_344' title='bbox 861 3530 965 3592; x_wconf 89' lang='lat' dir='ltr'><strong>allatus</strong></span> <span class='ocrx_word' id='word_1_345' title='bbox 982 3541 1035 3605; x_wconf 87' lang='lat' dir='ltr'><strong>est,</strong></span> <span class='ocrx_word' id='word_1_346' title='bbox 1058 3541 1088 3593; x_wconf 89' lang='lat' dir='ltr'><strong>et</strong></span> <span class='ocrx_word' id='word_1_347' title='bbox 1104 3530 1222 3612; x_wconf 91' lang='lat' dir='ltr'><strong>quidem</strong></span> <span class='ocrx_word' id='word_1_348' title='bbox 1238 3534 1335 3613; x_wconf 87' lang='lat' dir='ltr'><strong>galea-</strong></span> 
     </span>
     <span class='ocr_line' id='line_1_37' title="bbox 253 3614 1369 3697; baseline 0.001 -18"><span class='ocrx_word' id='word_1_349' title='bbox 253 3628 310 3679; x_wconf 89' lang='lat' dir='ltr'><strong>tus.</strong></span> <span class='ocrx_word' id='word_1_350' title='bbox 341 3623 464 3678; x_wconf 84' lang='lat' dir='ltr'><strong>secutus</strong></span> <span class='ocrx_word' id='word_1_351' title='bbox 480 3623 526 3676; x_wconf 89' lang='lat' dir='ltr'><strong>est</strong></span> <span class='ocrx_word' id='word_1_352' title='bbox 540 3614 613 3675; x_wconf 80' lang='lat' dir='ltr'><strong>Aiax</strong></span> <span class='ocrx_word' id='word_1_353' title='bbox 627 3614 792 3695; x_wconf 89' lang='lat' dir='ltr'><strong>strictoque</strong></span> <span class='ocrx_word' id='word_1_354' title='bbox 808 3615 916 3695; x_wconf 93' lang='lat' dir='ltr'><strong>gladio,</strong></span> <span class='ocrx_word' id='word_1_355' title='bbox 933 3626 1073 3697; x_wconf 89' lang='lat' dir='ltr'><strong>tanquam</strong></span> <span class='ocrx_word' id='word_1_356' title='bbox 1089 3617 1243 3694; x_wconf 88' lang='lat' dir='ltr'><strong>insaniret,</strong></span> <span class='ocrx_word' id='word_1_357' title='bbox 1259 3638 1332 3680; x_wconf 90' lang='lat' dir='ltr'><strong>con·</strong></span> <span class='ocrx_word' id='word_1_358' title='bbox 1355 3632 1369 3679; x_wconf 84' lang='lat' dir='ltr'><strong>v</strong></span> 
     </span>
     <span class='ocr_line' id='line_1_38' title="bbox 252 3699 1333 3783; baseline 0 -19"><span class='ocrx_word' id='word_1_359' title='bbox 252 3702 333 3776; x_wconf 86' lang='lat' dir='ltr'><strong>cidit,</strong></span> <span class='ocrx_word' id='word_1_360' title='bbox 356 3719 393 3763; x_wconf 89' lang='lat' dir='ltr'><strong>ac</strong></span> <span class='ocrx_word' id='word_1_361' title='bbox 414 3699 503 3761; x_wconf 92' lang='lat' dir='ltr'><strong>modo</strong></span> <span class='ocrx_word' id='word_1_362' title='bbox 525 3718 610 3762; x_wconf 89' lang='lat' dir='ltr'><strong>versa</strong></span> <span class='ocrx_word' id='word_1_363' title='bbox 632 3700 720 3763; x_wconf 89' lang='lat' dir='ltr'><strong>modo</strong></span> <span class='ocrx_word' id='word_1_364' title='bbox 740 3702 846 3783; x_wconf 91' lang='lat' dir='ltr'><strong>supina</strong></span> <span class='ocrx_word' id='word_1_365' title='bbox 867 3702 1059 3781; x_wconf 90' lang='lat' dir='ltr'><strong>gesticulatus</strong></span> <span class='ocrx_word' id='word_1_366' title='bbox 1075 3722 1219 3766; x_wconf 93' lang='lat' dir='ltr'><strong>mucrone</strong></span> <span class='ocrx_word' id='word_1_367' title='bbox 1242 3705 1333 3766; x_wconf 80' lang='lat' dir='ltr'><strong>frusta</strong></span> 
     </span>
     <span class='ocr_line' id='line_1_39' title="bbox 252 3784 975 3868; baseline -0.003 -18"><span class='ocrx_word' id='word_1_368' title='bbox 252 3787 373 3868; x_wconf 90' lang='lat' dir='ltr'><strong>collegit</strong></span> <span class='ocrx_word' id='word_1_369' title='bbox 387 3784 624 3865; x_wconf 91' lang='lat' dir='ltr'><strong>mirantibusque</strong></span> <span class='ocrx_word' id='word_1_370' title='bbox 640 3785 762 3849; x_wconf 87' lang='lat' dir='ltr'><strong>vitulum</strong></span> <span class='ocrx_word' id='word_1_371' title='bbox 779 3787 905 3868; x_wconf 92' lang='lat' dir='ltr'><strong>partitus</strong></span> <span class='ocrx_word' id='word_1_372' title='bbox 921 3796 975 3850; x_wconf 86' lang='lat' dir='ltr'><strong>est.</strong></span> 
     </span>
    </p>
   </div>
   <div class='ocr_carea' id='block_1_3' title="bbox 252 3951 1337 4293">
    <p class='ocr_par' dir='ltr' id='par_1_14' title="bbox 252 3951 1337 4293">
     <span class='ocr_line' id='line_1_40' title="bbox 321 3951 1334 4024; baseline 0 -15"><span class='ocrx_word' id='word_1_373' title='bbox 321 3959 337 4009; x_wconf 81' lang='lat'>2</span> <span class='ocrx_word' id='word_1_374' title='bbox 356 3956 418 4007; x_wconf 67' lang='lat' dir='ltr'><strong>lana</strong></span> <span class='ocrx_word' id='word_1_375' title='bbox 430 3953 470 4021; x_wconf 75' lang='grc'><strong>13</strong></span> <span class='ocrx_word' id='word_1_376' title='bbox 489 3953 543 4005; x_wconf 86' lang='lat' dir='ltr'><strong>scio</strong></span> <span class='ocrx_word' id='word_1_377' title='bbox 555 3951 596 4021; x_wconf 80' lang='grc'><strong>14</strong></span> <span class='ocrx_word' id='word_1_378' title='bbox 613 3953 718 4022; x_wconf 85' lang='lat' dir='ltr'><strong>quidem</strong></span> <span class='ocrx_word' id='word_1_379' title='bbox 736 3954 811 4007; x_wconf 88' lang='lat' dir='ltr'><strong>vobis</strong></span> <span class='ocrx_word' id='word_1_380' title='bbox 829 3954 839 4021; x_wconf 84' lang='grc' dir='ltr'>Ι</span> <span class='ocrx_word' id='word_1_381' title='bbox 860 3958 891 4008; x_wconf 79' lang='grc'><strong>12</strong></span> <span class='ocrx_word' id='word_1_382' title='bbox 910 3961 970 4021; x_wconf 83' lang='lat' dir='ltr'><strong>toga</strong></span> <span class='ocrx_word' id='word_1_383' title='bbox 988 3954 1111 4024; x_wconf 73' lang='lat' dir='ltr'><strong>nbiqnel</strong></span> <span class='ocrx_word' id='word_1_384' title='bbox 1136 3960 1169 4009; x_wconf 81' lang='lat'><strong>14</strong></span> <span class='ocrx_word' id='word_1_385' title='bbox 1186 3970 1234 4007; x_wconf 92' lang='lat' dir='ltr'><strong>nos</strong></span> <span class='ocrx_word' id='word_1_386' title='bbox 1251 3958 1334 4024; x_wconf 86' lang='lat' dir='ltr'><strong>magis</strong></span> 
     </span>
     <span class='ocr_line' id='line_1_41' title="bbox 252 4020 1334 4093; baseline 0 -16"><span class='ocrx_word' id='word_1_387' title='bbox 252 4024 389 4077; x_wconf 84' lang='lat' dir='ltr'><strong>didicimus</strong></span> <span class='ocrx_word' id='word_1_388' title='bbox 397 4021 506 4089; x_wconf 72' lang='lat' dir='ltr'><strong>supplet</strong></span> <span class='ocrx_word' id='word_1_389' title='bbox 514 4020 659 4088; x_wconf 79' lang='lat' dir='ltr'><strong>Iacolea&#39;ue,</strong></span> <span class='ocrx_word' id='word_1_390' title='bbox 672 4038 719 4075; x_wconf 93' lang='lat' dir='ltr'><strong>nos</strong></span> <span class='ocrx_word' id='word_1_391' title='bbox 729 4023 778 4075; x_wconf 83' lang='lat' dir='ltr'><strong>alia</strong></span> <span class='ocrx_word' id='word_1_392' title='bbox 788 4022 814 4075; x_wconf 87' lang='lat' dir='ltr'><strong>d.</strong></span> <span class='ocrx_word' id='word_1_393' title='bbox 821 4023 1051 4075; x_wconf 78' lang='lat' dir='ltr'><strong>Friedlaendcrue</strong></span> <span class='ocrx_word' id='word_1_394' title='bbox 1070 4023 1075 4092; x_wconf 91' lang='grc' dir='ltr'>Ι</span> <span class='ocrx_word' id='word_1_395' title='bbox 1095 4026 1162 4076; x_wconf 83' lang='lat' dir='ltr'><strong>satin</strong></span> <span class='ocrx_word' id='word_1_396' title='bbox 1173 4028 1334 4093; x_wconf 83' lang='lat' dir='ltr'><strong>coniacipro</strong></span> 
     </span>
     <span class='ocr_line' id='line_1_42' title="bbox 252 4090 1334 4163; baseline 0 -18"><span class='ocrx_word' id='word_1_397' title='bbox 252 4091 333 4163; x_wconf 72' lang='lat' dir='ltr'><strong>sunt!</strong></span> <span class='ocrx_word' id='word_1_398' title='bbox 348 4095 382 4147; x_wconf 81' lang='lat'><strong>16</strong></span> <span class='ocrx_word' id='word_1_399' title='bbox 391 4095 439 4143; x_wconf 83' lang='lat' dir='ltr'><strong>aut</strong></span> <span class='ocrx_word' id='word_1_400' title='bbox 448 4095 502 4143; x_wconf 90' lang='lat' dir='ltr'><strong>tum</strong></span> <span class='ocrx_word' id='word_1_401' title='bbox 511 4104 581 4141; x_wconf 85' lang='lat' dir='ltr'><strong>mera</strong></span> <span class='ocrx_word' id='word_1_402' title='bbox 590 4090 701 4159; x_wconf 83' lang='lat' dir='ltr'><strong>mapalia</strong></span> <span class='ocrx_word' id='word_1_403' title='bbox 707 4090 865 4153; x_wconf 67' lang='lat' dir='ltr'><strong>smeeiclac.</strong></span> <span class='ocrx_word' id='word_1_404' title='bbox 874 4092 1067 4160; x_wconf 78' lang='lat' dir='ltr'><strong>Gronoviua‚at</strong></span> <span class='ocrx_word' id='word_1_405' title='bbox 1076 4107 1143 4144; x_wconf 91' lang='lat' dir='ltr'><strong>nunc</strong></span> <span class='ocrx_word' id='word_1_406' title='bbox 1149 4107 1182 4143; x_wconf 88' lang='lat' dir='ltr'><strong>m.</strong></span> <span class='ocrx_word' id='word_1_407' title='bbox 1192 4108 1225 4146; x_wconf 89' lang='lat' dir='ltr'><strong>m.</strong></span> <span class='ocrx_word' id='word_1_408' title='bbox 1236 4094 1334 4147; x_wconf 82' lang='lat' dir='ltr'><strong>Herae-</strong></span> 
     </span>
     <span class='ocr_line' id='line_1_43' title="bbox 252 4156 1334 4233; baseline 0.002 -20"><span class='ocrx_word' id='word_1_409' title='bbox 252 4162 305 4230; x_wconf 78' lang='lat' dir='ltr'><strong>ml</strong></span> <span class='ocrx_word' id='word_1_410' title='bbox 318 4164 350 4216; x_wconf 76' lang='lat'><strong>31</strong></span> <span class='ocrx_word' id='word_1_411' title='bbox 361 4157 496 4213; x_wconf 76' lang='lat' dir='ltr'><strong>Tarentini</strong></span> <span class='ocrx_word' id='word_1_412' title='bbox 507 4156 680 4228; x_wconf 73' lang='lat' dir='ltr'><strong>Schefferusl</strong></span> <span class='ocrx_word' id='word_1_413' title='bbox 694 4162 726 4213; x_wconf 80' lang='lat'><strong>35</strong></span> <span class='ocrx_word' id='word_1_414' title='bbox 748 4159 854 4213; x_wconf 87' lang='lat' dir='ltr'><strong>donaria</strong></span> <span class='ocrx_word' id='word_1_415' title='bbox 876 4162 970 4227; x_wconf 81' lang='lat' dir='ltr'><strong>codeoe,</strong></span> <span class='ocrx_word' id='word_1_416' title='bbox 991 4160 1128 4213; x_wconf 83' lang='lat' dir='ltr'><strong>ducenaria</strong></span> <span class='ocrx_word' id='word_1_417' title='bbox 1140 4160 1314 4215; x_wconf 73' lang='lat' dir='ltr'><strong>Bursaonum</strong></span> <span class='ocrx_word' id='word_1_418' title='bbox 1325 4163 1334 4233; x_wconf 81' lang='grc' dir='ltr'><strong>ΙΙ</strong></span> 
     </span>
     <span class='ocr_line' id='line_1_44' title="bbox 254 4225 1337 4293; baseline 0.003 -10"><span class='ocrx_word' id='word_1_419' title='bbox 254 4231 286 4283; x_wconf 86' lang='lat' dir='ltr'><strong>au</strong></span> <span class='ocrx_word' id='word_1_420' title='bbox 296 4231 438 4283; x_wconf 67' lang='lat' dir='ltr'><strong>wioton</strong></span> <span class='ocrx_word' id='word_1_421' title='bbox 448 4225 555 4293; x_wconf 68' lang='lat' dir='ltr'><strong>acquod</strong></span> <span class='ocrx_word' id='word_1_422' title='bbox 571 4243 626 4279; x_wconf 81' lang='lat' dir='ltr'><strong>me</strong></span> <span class='ocrx_word' id='word_1_423' title='bbox 644 4232 769 4280; x_wconf 73' lang='lat' dir='ltr'><strong>omissum</strong></span> <span class='ocrx_word' id='word_1_424' title='bbox 781 4229 832 4280; x_wconf 80' lang='lat' dir='ltr'><strong>hoc</strong></span> <span class='ocrx_word' id='word_1_425' title='bbox 843 4228 902 4281; x_wconf 84' lang='lat' dir='ltr'><strong>loco</strong></span> <span class='ocrx_word' id='word_1_426' title='bbox 912 4228 1021 4283; x_wconf 88' lang='lat' dir='ltr'><strong>vitulum</strong></span> <span class='ocrx_word' id='word_1_427' title='bbox 1033 4233 1083 4281; x_wconf 80' lang='lat' dir='ltr'><strong>out</strong></span> <span class='ocrx_word' id='word_1_428' title='bbox 1093 4242 1152 4281; x_wconf 85' lang='lat' dir='ltr'><strong>eum</strong></span> <span class='ocrx_word' id='word_1_429' title='bbox 1171 4230 1337 4286; x_wconf 70' lang='lat' dir='ltr'><strong>demonstrat</strong></span> 
     </span>
    </p>
   </div>
   <div class='ocr_carea' id='block_1_4' title="bbox 0 0 1716 4934">
    <p class='ocr_par' dir='ltr' id='par_1_15' title="bbox 0 0 1716 4934">
     <span class='ocr_line' id='line_1_45' title="bbox 0 0 1716 4934; baseline 0 0"><span class='ocrx_word' id='word_1_430' title='bbox 0 0 1716 4934; x_wconf 95' lang='lat' dir='ltr'><strong> </strong></span> 
     </span>
    </p>
   </div>
  </div>
 </body>
</html>
