3417 4934
707 499 863 555 sarrana
930 459 933 463 Δ
1282 504 1323 565 93

205 672 357 737 laiebam
385 673 422 735 ‘si
451 672 574 735 callidus
600 681 734 753 captator
755 672 975 753 exploratorem
1003 675 1034 735 in
1058 676 1187 737 Africam
1209 677 1324 741 miserit

240 759 492 838 mendaciumque
515 757 746 839 deprehenderit
767 757 928 821 nostrum?
966 759 1048 839 quid,
1076 761 1101 822 si
1130 762 1218 823 etiam
1246 781 1323 826 mer-

240 844 405 912 cennarius
421 839 582 928 [Etamolpi]
598 843 748 923 praesenti
763 842 904 906 felicitate
918 844 1013 907 lassus
1028 845 1171 908 iudicium
1194 847 1231 909 ad
1249 849 1323 910 ami·

241 950 293 994 ms
308 929 449 993 detulerit
462 937 615 1009 totamque
635 928 781 990 fallaciam
802 929 946 991 invidiosa
968 930 1139 1009 proditione
1159 932 1325 994 detexerit?

205 1028 219 1081 5
243 1034 352 1097 nempe
373 1033 480 1078 rursus
501 1014 677 1094 fugiendum
699 1014 756 1076 erit
777 1022 809 1075 et
829 1014 948 1076 tandem
972 1026 1141 1096 expugnata
1162 1028 1323 1098 paupertas
1344 1031 1359 1080 4

244 1120 319 1165 nora
336 1100 528 1163 mendicitate
541 1099 718 1162 revocanda.
755 1098 794 1161 dii
816 1100 958 1179 deaeque,
980 1119 1069 1181 quam
1090 1102 1166 1164 male
1184 1113 1230 1166 est
1244 1114 1326 1166 extra

243 1187 340 1267 legem
354 1184 540 1249 virentibusc
557 1184 699 1266 quicquid
714 1193 901 1265 meruerunt,
916 1204 1035 1267 semper
1050 1187 1218 1268 expectant’

772 1289 790 1327 2

328 1355 411 1436 ‘quia
426 1356 505 1418 nosti
519 1373 659 1417 venerem
672 1364 763 1429 tuam,
779 1354 950 1436 superbiam
964 1366 1063 1436 captas
1077 1359 1240 1438 vendisque
1261 1355 1392 1425 ani-126

243 1442 357 1523 plexus,
374 1461 437 1504 non
453 1441 634 1503 commodas.
656 1459 717 1520 quo
732 1441 813 1502 enim
827 1442 1067 1521 spectantflexae
1079 1444 1198 1522 pectine
1209 1463 1321 1528 comae,
1343 1455 1358 1505 2

205 1536 223 1588 o
244 1546 302 1608 quo
317 1526 410 1589 facies
425 1526 620 1588 medicamine
635 1526 735 1587 attrita
751 1535 780 1588 et
801 1526 957 1588 oculorum
979 1545 1099 1606 quoque
1120 1529 1218 1591 mollis
1238 1541 1324 1610 petu-

244 1613 346 1687 lantia,
362 1630 423 1692 quo
437 1611 573 1674 incessus
584 1620 647 1673 arte
658 1610 842 1690 compositus
854 1621 885 1673 et
896 1630 935 1673 ne
946 1613 1069 1692 vestigia
1078 1613 1198 1692 quidem
1213 1615 1323 1696 pedum

245 1707 326 1761 extra
352 1715 524 1759 mensuram
547 1696 724 1771 aberrantia,
755 1697 813 1758 nisi
841 1696 922 1777 quod
944 1698 1070 1759 immam
1099 1700 1262 1779 prostituis,
1290 1710 1325 1763 ut

243 1780 377 1846 vendas?
389 1782 471 1845 rides
485 1801 548 1843 me:
566 1800 622 1844 nec
632 1782 755 1861 auguria
767 1782 836 1843 novi
853 1801 909 1843 nec
920 1783 1196 1846 mathematicorum
1208 1786 1322 1847 caelum
1343 1796 1359 1846 3

245 1886 351 1931 curare
366 1867 459 1938 soleo,
475 1886 512 1929 ex
526 1867 656 1929 vultibus
669 1877 770 1928 tamen
786 1868 943 1929 hominum
957 1886 1058 1930 mores
1072 1870 1190 1950 colligo,
1211 1881 1241 1932 et
1255 1890 1323 1933 cum

205 1962 226 2015 5
243 1955 420 2035 spatiantem
436 1953 504 2027 vidi,
526 1952 598 2033 quid
620 1952 730 2031 cogitet
749 1952 821 2014 scio.
858 1953 919 2015 sire
934 1972 1006 2033 ergo
1022 1954 1110 2017 nobis
1124 1956 1228 2017 vendis
1243 1958 1322 2035 quod
1344 1966 1360 2016 4

244 2051 324 2121 peto,
346 2045 496 2100 mercator
509 2046 630 2118 paratus
645 2046 698 2109 est,
714 2038 774 2099 sive
790 2038 870 2117 quod
891 2039 1052 2101 humanius
1067 2049 1121 2114 est,
1144 2041 1323 2115 commodas,

244 2127 330 2187 effice
345 2133 380 2186 ut
393 2123 573 2186 beneficium
588 2122 759 2185 debeamus.
782 2141 850 2184 narn
867 2124 947 2203 quod
961 2143 1080 2186 servum
1094 2134 1125 2186 te
1140 2136 1170 2188 et
1180 2127 1323 2188 humilem
1345 2138 1360 2187 5

244 2210 355 2284 lateris,
378 2208 516 2271 accendis
537 2208 715 2271 desiderium
731 2210 903 2270 aestuantis.
941 2209 1085 2289 quaedam
1100 2212 1181 2272 enim
1196 2213 1324 2274 feminac

245 2294 386 2359 sordibus
400 2294 507 2368 calent
524 2312 581 2355 nec
595 2294 749 2356 libidinem
764 2294 926 2368 concitant,
943 2295 1001 2356 nisi
1016 2304 1068 2356 aut
1081 2315 1182 2359 servos
1199 2297 1326 2359 viderint

205 2389 294 2444 baut
314 2388 444 2443 statores
462 2379 550 2441 altius
571 2379 697 2441 cinctos.
730 2380 841 2441 harena
864 2379 934 2441 alies
954 2380 1090 2442 accendit
1112 2390 1164 2443 aut
1182 2384 1323 2462 perfusus
1344 2392 1359 2443 6

233 2465 367 2548 ‘pulvere
381 2464 473 2527 mulio
489 2475 539 2527 aut
553 2464 657 2527 histrio
672 2482 797 2528 scaenae
813 2465 1011 2527 ostentatione
1025 2465 1189 2528 traductus.
1218 2486 1254 2529 ax
1269 2468 1324 2529 hae
1344 2479 1359 2528 ‘1

245 2561 316 2615 uota
330 2550 451 2613 domina
467 2558 512 2612 est
528 2568 607 2612 mea:
623 2567 718 2630 usquc
734 2548 771 2609 ab
783 2550 937 2611 orchestra
948 2550 1185 2630 quattuordecim
1198 2552 1326 2614 transilit

245 2646 274 2701 et
285 2637 320 2700 in
335 2644 469 2698 extrema
483 2635 571 2715 plebe
586 2635 703 2715 quaerit
717 2634 797 2714 quod
813 2633 933 2714 diligat'

328 2722 430 2801 itaque
446 2721 581 2782 oratione
595 2719 786 2782 blandissima
802 2720 910 2800 plenus
924 2718 1019 2799 ‘rogo'
1033 2720 1153 2800 iuquam
1167 2721 1323 2800 ‘numquid
1345 2732 1360 2783 8

205 2817 226 2868 u
243 2807 301 2882 illa,
324 2824 403 2887 quae
417 2824 466 2868 me
481 2816 569 2879 amat,
585 2814 619 2867 tu
634 2803 698 2868 esl'
726 2805 853 2866 multum
875 2806 940 2867 risit
954 2805 1060 2868 ancilla
1082 2818 1151 2885 post
1166 2816 1224 2868 tam
1241 2807 1325 2886 trigi-

243 2891 316 2955 dum
329 2892 451 2955 schema
466 2900 496 2953 et
510 2888 601 2953 ‘nolo'
615 2891 714 2970 inquit
729 2890 792 2952 ‘tibi
811 2899 871 2952 tam
887 2892 970 2953 valde
991 2892 1117 2972 placeas.
1148 2910 1205 2970 ego
1226 2893 1323 2954 adhuc
1344 2904 1360 2953 9

243 2996 329 3040 servo
345 2994 500 3056 uunquam
515 2975 671 3050 succubui,
691 2994 747 3038 nec
763 2976 821 3038 hoc
835 2977 876 3038 dii
891 2978 1000 3058 sinaut,
1021 2989 1055 3039 ut
1069 2977 1221 3058 amplexus
1242 2996 1325 3040 meos

244 3064 275 3125 in
290 3080 413 3125 crucem
427 3062 551 3123 mittam.
584 3061 712 3124 viderint
725 3070 889 3137 matronae,
909 3080 985 3142 quae
1006 3064 1190 3141 flagellorum
1205 3064 1326 3143 vestigia
1347 3075 1375 3126 10

245 3148 436 3224 osculantur3
459 3166 515 3227 ego
537 3147 626 3209 etiam
648 3147 673 3209 si
694 3146 799 3207 ancilla
820 3166 897 3222 sum,
920 3167 1076 3228 nunquam
1097 3157 1197 3210 tamen
1220 3149 1278 3211 nisi
1294 3150 1324 3210 in

205 3232 435 3314 memoratus
461 3230 572 3295 sedeo!
613 3233 715 3294 mirari
738 3232 876 3312 equidem
898 3243 958 3294 tam
982 3235 1149 3295 discordem
1171 3233 1324 3296 libidinem
1347 3246 1375 3297 11

244 3318 330 3399 coepi
345 3327 436 3398 atque
451 3317 531 3380 inter
544 3327 678 3380 monstra
695 3335 863 3392 numerare,
886 3318 966 3398 quod
988 3317 1095 3379 ancilla
1116 3319 1242 3381 haberat
1262 3338 1325 3382 ma·

243 3412 350 3467 honae
365 3401 537 3484 superbiam
553 3411 583 3465 et
598 3412 735 3465 matrona
751 3402 875 3464 ancillae
890 3404 1096 3469 humilitatem.

205 3494 241 3547 lo
333 3486 822 3573 lprocedentibusdeindelongius
833 3489 1013 3568 iocisrogavi
1025 3488 1172 3561 ancillam,
1184 3489 1325 3569 utinpla·
1347 3501 1374 3553 12

243 3584 354 3638 unone
370 3574 550 3655 perduceret
564 3573 725 3635 dominam.
762 3573 874 3654 placuit
888 3574 1005 3654 puellae
1020 3574 1188 3635 consilium.
1225 3574 1325 3653 itaque

205 3667 225 3720 ta
244 3660 365 3742 collegit
378 3658 466 3722 altius
480 3660 614 3722 tunicam
627 3659 769 3738 flexitque
784 3679 815 3721 se
831 3659 862 3719 iu
879 3677 948 3720 eum
963 3660 1134 3740 daphnona,
1152 3660 1204 3739 qui
1220 3659 1325 3721 ambu-

244 3745 348 3808 lationi
368 3743 521 3807 haerebat
556 3763 614 3807 nec
634 3744 686 3806 diu
708 3752 821 3806 morata
842 3746 993 3807 dominam
1009 3745 1147 3825 producit
1168 3763 1184 3805 e
1205 3744 1325 3805 latebris
1348 3756 1375 3808 13

245 3831 392 3912 laterique
411 3848 481 3893 meo
501 3829 639 3911 applicat,
660 3830 815 3891 mulierem
837 3830 978 3892 omuibus
998 3830 1164 3892 simulacris
1184 3827 1324 3890 emenda-

244 3916 380 3980 tiorem..
397 3914 478 3977 nulla
492 3934 549 3977 vox
564 3924 610 3978 est
624 3933 700 3995 quae
715 3917 841 3977 formam
858 3917 922 3979 eius
941 3915 1037 3997 possit
1058 3914 1323 3996 comprehendere,
1346 3926 1374 3978 14

331 4071 348 4122 3
365 4066 486 4134 Eumolpi
503 4066 576 4119 rehu
593 4068 674 4118 ludet
690 4066 906 4133 Scaligerameall
923 4070 939 4121 8
957 4068 1092 4119 adiectam
1109 4065 1215 4133 Chrysis
1232 4064 1325 4118 ancilla

246 4136 332 4190 (bacea
348 4135 384 4189 ad
401 4134 614 4204 Polyaenumlb
632 4134 804 4200 commodosll
819 4137 848 4190 11
869 4138 932 4200 arte]
950 4139 1006 4187 tute
1019 4135 1029 4202 l
1043 4138 1075 4189 15
1093 4132 1215 4201 cogitesll
1230 4135 1260 4186 l‘l
1280 4132 1326 4185 de-

246 4203 345 4274 bean!
359 4207 391 4260 to
408 4202 517 4256 libidine
533 4204 695 4257 concitantur
713 4203 876 4256 Tornaesius
889 4203 899 4271 fl
911 4207 944 4257 20
962 4204 1063 4272 aliquas
1077 4204 1132 4271 l³3
1143 4202 1209 4257 iocis
1222 4217 1274 4259 ose.
1287 4199 1324 4270 Ol

247 4272 367 4327 ancillam
384 4287 438 4327 om.
453 4271 546 4339 blas
563 4271 716 4339 produceret
733 4272 756 4324 t
