3417 4934
292 460 353 522 156
755 458 904 515 canutus

385 635 478 699 Gades
493 633 630 696 Herculis
645 632 840 711 umidumque
855 632 965 708 'libur3

316 732 344 784 to
389 720 509 802 Cyllene
524 718 614 781 celeri
630 719 686 780 deo
702 718 814 791 nivosa,

388 806 472 867 tardo
487 804 601 886 gratior
614 812 752 866 aestuosa
768 802 911 877 Lemnos;

390 891 548 953 Hennaeae
564 890 703 951 Cererem
719 906 816 950 nurus
830 889 1035 967 frequentant,

388 985 502 1057 raptam
518 975 638 1057 Cyzicos
653 984 786 1036 ostreosa
802 974 908 1047 divam,

391 1062 550 1123 formosam
564 1059 712 1122 Venerem
728 1057 839 1121 Cnidos
857 1058 1034 1139 Paphosque

390 1486 471 1566 quod
485 1485 609 1547 simiam
625 1484 729 1546 senior
743 1502 904 1565 meumque
920 1486 1003 1547 canis

389 1589 457 1633 cum
472 1569 564 1632 barba
579 1577 670 1650 ceput
684 1568 794 1631 albicet
809 1569 938 1651 capillis:

390 1657 554 1738 deprensos
568 1673 624 1735 ego
639 1656 795 1735 perforare
810 1673 933 1734 possum

390 1741 552 1804 Tithonum
566 1740 778 1821 Priamumque
792 1740 1021 1821 Nestoremque.

759 1891 889 1955 Lxxvll

389 1995 553 2057 lmtuanem
567 1996 753 2058 stomachum
768 1995 841 2057 mihi
857 1997 990 2071 movetis,

389 2081 441 2161 qui
456 2079 578 2144 densam
594 2082 691 2144 facitis
706 2081 833 2144 subinde
848 2099 968 2161 saepem

390 2176 420 2229 et
434 2168 516 2229 fures
530 2166 697 2247 prohibetis
712 2168 772 2228 huc
787 2166 878 2228 adire.

314 2281 315 2285 ¹
388 2252 448 2313 hoc
462 2261 509 2315 est
521 2252 649 2325 laedere,
665 2252 736 2314 dum
752 2252 873 2326 iuratis3
888 2252 945 2313 hoc
961 2261 1006 2313 est

389 2356 452 2399 non
468 2338 623 2401 admittere
638 2337 673 2398 ad
690 2355 837 2417 aucupem
853 2336 999 2398 volucres.

390 2422 541 2486 obstructa
559 2432 604 2485 est
617 2424 672 2499 ria,
689 2442 747 2485 uec
761 2422 831 2484 lieet
846 2422 955 2484 iacenti

390 2508 501 2571 iactura
518 2508 595 2571 natis
610 2508 730 2590 expiare
746 2507 874 2587 culpam.

391 2613 463 2675 ergo
479 2594 529 2676 qui
546 2593 628 2675 prius
645 2611 740 2673 usque
756 2601 786 2654 et
800 2611 897 2672 usque
911 2600 942 2654 et
957 2611 1053 2673 usque

391 2681 492 2742 lurum
508 2679 645 2742 scindere
660 2678 783 2759 podices
797 2677 939 2752 solebam,

391 2783 447 2846 per
461 2775 566 2828 noctes
581 2766 695 2844 aliquot
709 2765 832 2843 diesque
847 2782 941 2825 cesso.

389 2869 503 2930 poenas
518 2852 556 2913 do
571 2868 703 2931 quoque,
718 2858 793 2930 quot
806 2850 878 2911 satis
893 2866 1045 2931 superque
1061 2859 1115 2923 est,

390 2936 421 2996 in
439 2953 602 3015 semenque
617 2934 692 2996 abeo
707 2935 847 3014 salesque
862 2934 1014 3013 quondam

391 3039 474 3082 nunc
488 3021 576 3083 vitam
591 3038 703 3101 perage
718 3056 761 3065 —
777 3020 843 3101 quis
858 3020 917 3081 hoc
932 3016 1071 3099 putaret?
1086 3057 1125 3065 -

390 3114 424 3168 ut
439 3105 539 3169 clusus
553 3105 744 3168 citharoedus
758 3105 970 3168 abstinentem.

393 3199 423 3252 at
434 3209 496 3265 vos,
512 3210 551 3252 ne
565 3208 686 3271 peream
701 3192 760 3252 situ
774 3189 872 3264 senili,

391 3294 512 3355 quaeso,
528 3276 655 3339 desinite
671 3294 736 3337 esse
750 3276 908 3355 diligentes

259 3398 267 3459 3
391 3380 466 3423 neve
481 3361 626 3443 imponite
640 3360 762 3438 dippum
778 3362 897 3442 Priapo.

756 3512 900 3577 Lxxvlu

392 3619 430 3679 lt
443 3617 472 3678 di
488 3618 620 3698 deaeque
635 3616 775 3678 dentibus
789 3616 848 3678 tuis
863 3634 961 3678 escam

392 3710 513 3784 negent,
529 3703 640 3765 amicae
655 3702 830 3781 cunnilinge
844 3702 968 3774 vicinae,

391 3807 551 3869 perquem
566 3785 665 3869 puella
680 3787 767 3849 fortis
781 3795 852 3849 ante
869 3806 926 3849 uec
941 3786 1070 3848 mendax

392 3882 422 3935 et
437 3893 512 3955 quae
526 3873 640 3936 solebat
655 3872 782 3953 impigro
799 3874 880 3934 celer
894 3890 983 3953 passu

331 3969 346 4018 5
390 3959 426 4020 ad
443 3979 500 4022 nos
513 3960 627 4032 venire,
643 3976 727 4020 nunc
742 3958 854 4020 misella
870 3957 1004 4020 landicae

390 4045 437 4106 vix
453 4064 541 4125 posse
556 4045 634 4105 iurat
648 4042 801 4105 ambulare
817 4062 888 4125 prae
904 4043 1002 4107 fossis.

288 4146 515 4237 —ffiffil
529 4176 624 4231 videtis
639 4176 644 4247 Ι
662 4180 694 4231 tt
707 4193 758 4232 oon
770 4178 850 4230 vium
867 4176 871 4245 Ι
888 4179 922 4231 14
932 4181 962 4229 nt
974 4176 1063 4230 elusus
1079 4175 1262 4243 (elusum
1272 4171 1359 4236 Μ

290 4245 455 4301 citharoedus
473 4245 631 4300 abstinerem
644 4246 654 4315 Ι
667 4244 787 4299 cxxviii
805 4248 820 4297 5
838 4245 954 4299 laodices
1196 4249 1204 4278 “·
