3417 4934
291 455 352 517 120
724 453 938 509 GONSPEGTVS

290 630 322 691 de
335 630 448 709 sunere,
464 628 595 692 Phileros
610 630 643 691 de
656 639 772 691 mortuo
789 631 904 709 eiusque
923 627 1028 706 fratre,
1053 625 1232 707 Ganymedes
1247 628 1280 691 de
1292 629 1362 708 fans

290 710 1365 881 ttlcihbnlllltltltblbtllltncllttlffi

290 884 467 947 educatione.
490 887 617 949 47-52
629 884 704 947 redit
719 882 902 953 Trimalchio,
914 902 995 946 suem
1007 882 1097 945 occidi
1106 886 1366 966 statimpusparni

290 974 323 1031 in
338 988 437 1033 cenam
452 970 539 1044 iubet,
555 975 607 1051 pai
620 981 715 1033 coctus
729 987 827 1031 eoram
842 972 972 1030 concivis
987 969 1365 1042 moncumunscrnoniiu

290 1058 407 1135 attinyit
423 1057 604 1134 medicinam,
619 1055 799 1127 rhetoricam,
810 1054 953 1126 historias,
966 1057 1077 1116 ortium
1088 1058 1298 1137 siynormnpcce
1310 1064 1366 1118 ets·
1412 1055 1414 1126 ἱ

291 1140 348 1202 dio.
379 1144 506 1206 52—54
522 1141 600 1203 ebrio
620 1146 777 1221 promimus
797 1140 943 1202 cordacem
964 1139 1073 1201 saltare
1086 1142 1185 1220 coepit,
1206 1144 1367 1204 actuosum

290 1226 373 1287 audit
387 1239 452 1290 octa
470 1227 589 1307 praedii
601 1229 650 1287 sni
661 1228 839 1299 recitantem,
858 1226 1084 1305 petauristarios
1102 1235 1236 1305 spectans
1251 1243 1367 1308 apscere

290 1329 376 1391 super
396 1312 499 1374 lectum
519 1314 581 1373 eius
602 1310 715 1392 dclepso
736 1310 870 1373 laeditur.
907 1312 1001 1374 5556
1023 1313 1231 1389 epiyrammate
1252 1314 1286 1374 in
1299 1311 1368 1374 hunc

291 1416 390 1459 casum
403 1398 482 1476 [octo
498 1396 532 1457 de
542 1401 636 1476 poetis
657 1396 768 1457 locutus
789 1404 938 1476 comparat
957 1398 1033 1456 inter
1047 1413 1076 1456 se
1094 1393 1264 1460 Gicnonem
1277 1406 1305 1459 et
1318 1395 1368 1478 Sy·

290 1500 369 1556 rum,
390 1481 500 1544 litteras
514 1491 542 1542 et
562 1482 698 1562 artificio,
721 1480 803 1542 boues
824 1490 851 1541 et
870 1498 943 1552 oues,
966 1481 1054 1543 donec
1075 1480 1253 1562 apophoreta
1274 1483 1368 1545 distri-

291 1567 430 1631 buuntur.
460 1570 500 1631 57
512 1567 552 1631 58
568 1566 729 1629 ridentibus
743 1584 777 1628 ca
792 1565 904 1645 Ascylto
919 1575 946 1627 et
962 1563 1063 1627 Gitoni
1071 1564 1231 1628 Hermeros
1250 1565 1368 1629 Trinel·

289 1651 400 1714 chionis
428 1652 592 1714 collibertus
614 1655 721 1731 inycrit
749 1655 889 1713 conuicio.
929 1652 969 1715 59
986 1653 1028 1715 60
1051 1654 1165 1713 intrant
1192 1650 1369 1715 Honerc'stee

290 1737 422 1818 eouibas
441 1737 520 1799 Aion
541 1737 668 1799 vitulum
683 1735 795 1798 cliuum
815 1737 928 1808 scindit,
948 1737 1059 1799 dantur
1072 1736 1223 1798 alabastra
1236 1748 1266 1800 et
1275 1756 1369 1819 pono,

273 1823 335 1897 ‚dis
348 1822 442 1884 honor
451 1821 581 1884 habetur.
606 1824 733 1887 61—63
748 1821 867 1900 fabulas
881 1833 1008 1884 nument
1022 1820 1143 1884 Niceros
1152 1822 1188 1883 de
1197 1822 1293 1886 milite
1307 1842 1369 1885 nec·

290 1916 349 1970 tato
365 1912 397 1968 in
412 1907 514 1986 lupum
534 1918 561 1969 st
580 1905 754 1970 Trimalchio
776 1910 810 1969 de
828 1907 966 1987 striyibus
987 1916 1119 1988 tactuque
1136 1906 1234 1969 moles
1256 1926 1367 1972 enm

291 1993 333 2056 64
351 1989 525 2055 Trimalchio
541 1993 659 2073 beniyne
678 1994 753 2072 facit
772 1996 875 2062 arnico,
899 1992 1007 2053 deliciis
1028 1995 1099 2064 suis,
1122 1994 1192 2053 cani
1211 1992 1370 2065 danem

290 2080 386 2139 seruis.
419 2079 544 2141 65-67
563 2088 631 2158 poet
653 2089 773 2140 matteas
803 2082 972 2140 comissator
993 2077 1111 2140 aduenit
1131 2076 1289 2141 Habinnas
1309 2096 1371 2141 cust

290 2179 385 2223 unare
406 2181 460 2223 sua
482 2161 625 2232 Scintilla,
648 2171 753 2224 narrat
774 2166 824 2224 cui
843 2162 1021 2241 interfuerat
1045 2182 1154 2235 cenom,
1180 2166 1320 2244 impetrat
1339 2174 1372 2226 ut

291 2246 455 2309 Fortunata
475 2266 556 2311 uuor
581 2246 801 2310 Trimalchionis
828 2248 977 2310 recumbet
997 2266 1116 2329 compre
1137 2248 1172 2309 de
1193 2252 1372 2313 munitis

291 2335 353 2394 suis
366 2332 534 2395 collocutem
549 2353 614 2396 cum
630 2332 764 2395 Scintilla
778 2336 911 2396 immittit
926 2334 1006 2396 lecto.
1032 2334 1313 2398 68-71eecundac
1323 2334 1372 2398 cd·

291 2420 431 2493 seruntur
441 2437 563 2491 mansee,
579 2417 734 2480 Habinnae
744 2438 821 2499 puer
836 2418 919 2482 ludos
932 2419 1015 2498 fecit,
1027 2428 1094 2499 post
1106 2420 1304 2500 epidipnidas
1317 2438 1372 2482 ests·

291 2512 403 2582 yuntnr
424 2506 562 2566 concione
583 2507 713 2585 seruique
734 2504 931 2566 admittuntur
953 2506 986 2565 in
1001 2503 1173 2580 triclinium,
1200 2502 1373 2568 Trimalchio

292 2598 493 2651 testamentum
507 2608 593 2651 suum
605 2594 730 2652 recitans
740 2588 876 2668 familiae
886 2592 1012 2652 concitat
1023 2589 1268 2652 lamentationem.
1292 2594 1373 2656 72-

293 2677 333 2738 74
348 2677 380 2735 in
394 2674 495 2737 balneo
514 2673 735 2737 Trimalchionis
755 2676 884 2737 discussa
903 2674 1039 2736 ebrictate
1054 2674 1186 2755 reficitur
1208 2678 1374 2739 connium

292 2764 324 2820 in
339 2758 398 2820 olio
419 2760 557 2821 triclinio.
596 2763 701 2825 74-7
704 2761 722 2825 8
745 2763 864 2822 re'uotus
888 2758 1062 2821 Trimalchio
1085 2779 1150 2822 nem
1163 2777 1261 2822 seuere
1274 2780 1332 2824 sun
1344 2760 1375 2822 de

291 2848 353 2906 aito
368 2846 451 2907 domo
471 2844 610 2925 felicitate
623 2864 673 2926 spe
687 2864 742 2906 suo
756 2845 880 2916 disserit,
903 2846 1023 2926 denique
1044 2848 1202 2907 cornicines
1215 2846 1276 2908 sibi
1286 2848 1376 2927 fune·

292 2930 355 2991 bres
374 2931 473 2992 modos
501 2933 628 2991 incinere
641 2930 730 3003 iubet,
760 2950 817 3011 pua
837 2948 871 2993 rc
895 2930 1025 2992 tumultu
1040 2930 1118 3009 fecto
1142 2930 1298 3013 Encolpius
1312 2950 1375 2995 nm

292 3014 404 3095 Ascylto
419 3024 446 3076 et
462 3013 563 3077 Gitone
576 3015 686 3098 effuyit.

379 3101 419 3163 79
436 3100 476 3164 80
492 3100 608 3160 domum
630 3101 725 3162 reduc
744 3098 900 3178 Encolpius
914 3099 984 3161 dum
1004 3109 1092 3162 nonu
1113 3101 1220 3163 donnit
1241 3120 1311 3165 cum
1327 3101 1376 3165 Gi·

292 3195 368 3256 tone,
382 3184 553 3247 subducitur
571 3203 646 3266 puer
663 3184 698 3247 ob
713 3182 835 3264 Ascylto,
854 3187 950 3265 itaque
965 3189 1132 3248 communio
1150 3190 1253 3250 omnia
1267 3187 1377 3250 sodolce

293 3269 454 3332 dissolount
468 3279 495 3331 ct
511 3267 599 3332 Giton
613 3269 747 3350 Ascylton
761 3269 841 3349 eliyit
857 3288 939 3349 quern
960 3282 1105 3351 sequetur.
1136 3271 1174 3335 81
1193 3273 1235 3337 82
1251 3273 1377 3336 Metus

292 3354 452 3437 Encolpius
465 3366 574 3417 maeret
588 3359 622 3418 in
633 3354 798 3428 solitudine,
814 3355 915 3416 lande
925 3356 1064 3437 efferatus
1078 3357 1189 3418 eaedem
1201 3359 1322 3420 inimici
1330 3376 1376 3421 oc·

291 3445 362 3521 yitat
385 3441 433 3503 sed
454 3439 568 3503 delusus
583 3460 601 3503 a
615 3441 708 3504 milite
729 3459 815 3503 amna
828 3443 922 3520 ponit.
953 3440 993 3505 83
1007 3441 1049 3505 84
1064 3444 1097 3503 in
1109 3442 1299 3522 pinacotheca
1313 3462 1377 3505 cuer

290 3529 384 3607 pictos
405 3537 535 3589 amantes
556 3527 759 3600 consideraret,
780 3525 888 3588 cecedit
908 3526 948 3587 ael
968 3544 1034 3589 eum
1056 3525 1215 3607 Eumolpus
1224 3539 1316 3608 poeta
1330 3530 1379 3611 peti

289 3620 491 3692 paupertatem
511 3630 721 3674 marcomere
748 3611 915 3674 litterarum
941 3612 1078 3675 uindicat.
1124 3613 1249 3677 85-87
1273 3622 1378 3676 nonni

293 3696 453 3779 Eumolpon
474 3714 530 3777 quo
551 3697 636 3758 modo
660 3696 797 3777 Pcryemi
816 3695 920 3777 ephebo
941 3700 1014 3759 eatis
1034 3698 1136 3776 [merit
1156 3698 1289 3777 formoso
1311 3699 1379 3780 fidei

293 3801 363 3845 succ
377 3782 523 3845 mandato.
547 3782 675 3847 88-90
694 3786 845 3864 prometur
860 3800 913 3845 cur
922 3785 1179 3865 picturaartceyue
1190 3793 1300 3847 ceterae
1310 3802 1377 3866 per·

294 3871 395 3940 ierint,
413 3870 554 3949 pecuniae
579 3867 800 3948 reprehenditur
829 3868 987 3949 cupiditas,
1018 3868 1148 3931 tobulaen
1174 3888 1246 3950 puae
1276 3868 1378 3932 Troice
1401 3940 1404 3947 ,

293 3952 406 4015 balonn
420 3953 540 4015 ostendit
555 3957 664 4033 tropico
678 3952 838 4033 Eumolpus
854 3955 985 4015 carmine
1000 3952 1150 4033 enplanat,
1165 3954 1299 4035 lapidum
1313 3958 1377 4018 icti·

295 4038 348 4101 bns
366 4040 523 4120 prosuyere
537 4058 553 4100 c
564 4042 681 4119 porticu
702 4042 825 4117 coyitur.
857 4041 896 4103 91
914 4039 1004 4104 seen
1027 4037 1128 4101 balnm
1149 4043 1296 4120 repertum
1318 4041 1376 4104 En·

295 4123 405 4204 colpius
429 4123 536 4187 Gitona
555 4128 589 4187 in
610 4124 766 4205 hospitium
787 4143 875 4185 neum
895 4122 1035 4205 perducit,
1058 4142 1199 4205 yscoercm
1222 4124 1333 4189 duona
1346 4144 1377 4188 oc

295 4214 464 4272 uestimenta
479 4210 606 4290 Ascyltos
626 4213 738 4272 incenit
752 4218 923 4273 amatorem.
960 4209 1002 4272 93
1014 4210 1056 4273 94
1072 4227 1172 4271 cneus
1192 4228 1316 4275 rursum
1329 4212 1375 4293 le·
