<?xml version="1.0" encoding="UTF-8"?>
<!DOCTYPE html PUBLIC "-//W3C//DTD XHTML 1.0 Transitional//EN"
    "http://www.w3.org/TR/xhtml1/DTD/xhtml1-transitional.dtd">
<html xmlns="http://www.w3.org/1999/xhtml" xml:lang="en" lang="en">
 <head>
  <title>
</title>
<meta http-equiv="Content-Type" content="text/html;charset=utf-8" />
  <meta name='ocr-system' content='tesseract 3.04.00' />
  <meta name='ocr-capabilities' content='ocr_page ocr_carea ocr_par ocr_line ocrx_word'/>
</head>
<body>
  <div class='ocr_page' id='page_1' title='image "./petroniisaturae00varrgoog_0008.png"; bbox 0 0 3417 4934; ppageno 0'>
   <div class='ocr_carea' id='block_1_1' title="bbox 364 445 383 501">
    <p class='ocr_par' dir='ltr' id='par_1_1' title="bbox 364 445 383 501">
     <span class='ocr_line' id='line_1_1' title="bbox 364 445 383 501; baseline 0 0"><span class='ocrx_word' id='word_1_1' title='bbox 364 445 383 501; x_wconf 88' lang='grc'>4</span> 
     </span>
    </p>
   </div>
   <div class='ocr_carea' id='block_1_2' title="bbox 363 616 1441 1128">
    <p class='ocr_par' dir='ltr' id='par_1_2' title="bbox 363 616 1441 1128">
     <span class='ocr_line' id='line_1_2' title="bbox 363 616 1440 701; baseline 0.002 -20"><span class='ocrx_word' id='word_1_2' title='bbox 363 618 491 696; x_wconf 83' lang='lat' dir='ltr'><strong>Neroni3</strong></span> <span class='ocrx_word' id='word_1_3' title='bbox 515 616 661 698; x_wconf 80' lang='lat' dir='ltr'>fregitque</span> <span class='ocrx_word' id='word_1_4' title='bbox 676 618 808 694; x_wconf 95' lang='lat' dir='ltr'><strong>anulum,</strong></span> <span class='ocrx_word' id='word_1_5' title='bbox 831 637 871 680; x_wconf 91' lang='lat' dir='ltr'><strong>ne</strong></span> <span class='ocrx_word' id='word_1_6' title='bbox 885 636 953 681; x_wconf 84' lang='lat' dir='ltr'><strong>mox</strong></span> <span class='ocrx_word' id='word_1_7' title='bbox 969 617 1036 680; x_wconf 89' lang='lat' dir='ltr'><strong>usui</strong></span> <span class='ocrx_word' id='word_1_8' title='bbox 1051 626 1129 681; x_wconf 90' lang='lat' dir='ltr'><strong>esset</strong></span> <span class='ocrx_word' id='word_1_9' title='bbox 1150 619 1186 681; x_wconf 89' lang='lat' dir='ltr'><strong>ad</strong></span> <span class='ocrx_word' id='word_1_10' title='bbox 1208 618 1343 682; x_wconf 86' lang='lat' dir='ltr'><strong>iacienda</strong></span> <span class='ocrx_word' id='word_1_11' title='bbox 1357 621 1440 701; x_wconf 89' lang='lat' dir='ltr'><strong>peri-</strong></span> 
     </span>
     <span class='ocr_line' id='line_1_3' title="bbox 364 703 1440 786; baseline 0.003 -20"><span class='ocrx_word' id='word_1_12' title='bbox 364 703 440 766; x_wconf 92' lang='lat' dir='ltr'><strong>cula.</strong></span> <span class='ocrx_word' id='word_1_13' title='bbox 466 703 628 785; x_wconf 81' lang='lat' dir='ltr'><strong>ambigenti</strong></span> <span class='ocrx_word' id='word_1_14' title='bbox 643 704 766 786; x_wconf 86' lang='lat' dir='ltr'><strong>Neroni,</strong></span> <span class='ocrx_word' id='word_1_15' title='bbox 782 723 913 785; x_wconf 90' lang='lat' dir='ltr'><strong>quonam</strong></span> <span class='ocrx_word' id='word_1_16' title='bbox 929 703 1017 765; x_wconf 91' lang='lat' dir='ltr'><strong>modo</strong></span> <span class='ocrx_word' id='word_1_17' title='bbox 1034 704 1167 766; x_wconf 92' lang='lat' dir='ltr'><strong>noctium</strong></span> <span class='ocrx_word' id='word_1_18' title='bbox 1183 723 1304 767; x_wconf 92' lang='lat' dir='ltr'><strong>suarum</strong></span> <span class='ocrx_word' id='word_1_19' title='bbox 1319 706 1440 785; x_wconf 80' lang='lat' dir='ltr'><strong>ingenia</strong></span> 
     </span>
     <span class='ocr_line' id='line_1_4' title="bbox 364 788 1441 872; baseline 0.002 -20"><span class='ocrx_word' id='word_1_20' title='bbox 364 797 564 865; x_wconf 82' lang='lat' dir='ltr'><strong>notescerent,</strong></span> <span class='ocrx_word' id='word_1_21' title='bbox 588 790 713 852; x_wconf 83' lang='lat' dir='ltr'><strong>offertur</strong></span> <span class='ocrx_word' id='word_1_22' title='bbox 727 790 797 852; x_wconf 91' lang='lat' dir='ltr'><strong>Silia</strong></span> <span class='ocrx_word' id='word_1_23' title='bbox 813 788 1002 852; x_wconf 92' lang='lat' dir='ltr'><strong>matrimonio</strong></span> <span class='ocrx_word' id='word_1_24' title='bbox 1017 790 1163 853; x_wconf 84' lang='lat' dir='ltr'><strong>senatoris</strong></span> <span class='ocrx_word' id='word_1_25' title='bbox 1185 790 1264 852; x_wconf 92' lang='lat' dir='ltr'><strong>baud</strong></span> <span class='ocrx_word' id='word_1_26' title='bbox 1286 791 1388 872; x_wconf 77' lang='lat' dir='ltr'><strong>ignota</strong></span> <span class='ocrx_word' id='word_1_27' title='bbox 1411 801 1441 854; x_wconf 90' lang='lat' dir='ltr'><strong>et</strong></span> 
     </span>
     <span class='ocr_line' id='line_1_5' title="bbox 363 874 1441 957; baseline 0.001 -19"><span class='ocrx_word' id='word_1_28' title='bbox 363 876 419 956; x_wconf 87' lang='lat' dir='ltr'><strong>ipsi</strong></span> <span class='ocrx_word' id='word_1_29' title='bbox 433 875 470 937; x_wconf 92' lang='lat' dir='ltr'><strong>ad</strong></span> <span class='ocrx_word' id='word_1_30' title='bbox 486 894 607 937; x_wconf 90' lang='lat' dir='ltr'><strong>omnem</strong></span> <span class='ocrx_word' id='word_1_31' title='bbox 622 874 775 938; x_wconf 89' lang='lat' dir='ltr'><strong>libidinem</strong></span> <span class='ocrx_word' id='word_1_32' title='bbox 790 876 900 938; x_wconf 89' lang='lat' dir='ltr'><strong>adscita</strong></span> <span class='ocrx_word' id='word_1_33' title='bbox 915 894 949 938; x_wconf 93' lang='lat' dir='ltr'><strong>ac</strong></span> <span class='ocrx_word' id='word_1_34' title='bbox 961 875 1103 938; x_wconf 89' lang='lat' dir='ltr'><strong>Petronio</strong></span> <span class='ocrx_word' id='word_1_35' title='bbox 1118 894 1262 957; x_wconf 88' lang='lat' dir='ltr'><strong>perquam</strong></span> <span class='ocrx_word' id='word_1_36' title='bbox 1278 877 1441 940; x_wconf 83' lang='lat' dir='ltr'><strong>familiaris.</strong></span> 
     </span>
     <span class='ocr_line' id='line_1_6' title="bbox 363 960 1440 1042; baseline 0.003 -21"><span class='ocrx_word' id='word_1_37' title='bbox 363 961 460 1042; x_wconf 83' lang='lat' dir='ltr'><strong>agitur</strong></span> <span class='ocrx_word' id='word_1_38' title='bbox 475 962 506 1023; x_wconf 92' lang='lat' dir='ltr'><strong>in</strong></span> <span class='ocrx_word' id='word_1_39' title='bbox 522 960 652 1042; x_wconf 85' lang='lat' dir='ltr'><strong>exilium,</strong></span> <span class='ocrx_word' id='word_1_40' title='bbox 668 969 810 1042; x_wconf 82' lang='lat' dir='ltr'><strong>tanquam</strong></span> <span class='ocrx_word' id='word_1_41' title='bbox 826 981 887 1024; x_wconf 93' lang='lat' dir='ltr'><strong>non</strong></span> <span class='ocrx_word' id='word_1_42' title='bbox 903 962 1032 1024; x_wconf 83' lang='lat' dir='ltr'><strong>siluisset</strong></span> <span class='ocrx_word' id='word_1_43' title='bbox 1046 980 1123 1041; x_wconf 90' lang='lat' dir='ltr'><strong>quae</strong></span> <span class='ocrx_word' id='word_1_44' title='bbox 1137 962 1249 1024; x_wconf 88' lang='lat' dir='ltr'><strong>viderat</strong></span> <span class='ocrx_word' id='word_1_45' title='bbox 1263 963 1440 1042; x_wconf 88' lang='lat' dir='ltr'><strong>pertulerat-</strong></span> 
     </span>
     <span class='ocr_line' id='line_1_7' title="bbox 364 1046 681 1128; baseline -0.006 -19"><span class='ocrx_word' id='word_1_46' title='bbox 364 1066 433 1127; x_wconf 85' lang='lat' dir='ltr'><strong>que,</strong></span> <span class='ocrx_word' id='word_1_47' title='bbox 455 1046 579 1128; x_wconf 87' lang='lat' dir='ltr'><strong>proprio</strong></span> <span class='ocrx_word' id='word_1_48' title='bbox 603 1046 681 1109; x_wconf 91' lang='lat' dir='ltr'><strong>odio.</strong></span> 
     </span>
    </p>
   </div>
   <div class='ocr_carea' id='block_1_3' title="bbox 363 1438 1442 1844">
    <p class='ocr_par' dir='ltr' id='par_1_3' title="bbox 363 1438 1442 1844">
     <span class='ocr_line' id='line_1_8' title="bbox 449 1438 1441 1521; baseline 0.004 -21"><span class='ocrx_word' id='word_1_49' title='bbox 449 1438 615 1501; x_wconf 80' lang='lat' dir='ltr'><strong>Macrobius</strong></span> <span class='ocrx_word' id='word_1_50' title='bbox 636 1442 669 1500; x_wconf 84' lang='lat' dir='ltr'><strong>io</strong></span> <span class='ocrx_word' id='word_1_51' title='bbox 689 1442 834 1501; x_wconf 81' lang='lat' dir='ltr'><strong>somnium</strong></span> <span class='ocrx_word' id='word_1_52' title='bbox 848 1439 995 1521; x_wconf 80' lang='lat' dir='ltr'><strong>Scipionis</strong></span> <span class='ocrx_word' id='word_1_53' title='bbox 1009 1438 1070 1513; x_wconf 86' lang='lat'><strong>12,</strong></span> <span class='ocrx_word' id='word_1_54' title='bbox 1093 1438 1132 1503; x_wconf 89' lang='grc'><strong>8.·</strong></span> <span class='ocrx_word' id='word_1_55' title='bbox 1154 1441 1286 1504; x_wconf 92' lang='lat' dir='ltr'><strong>auditum</strong></span> <span class='ocrx_word' id='word_1_56' title='bbox 1309 1443 1441 1505; x_wconf 83' lang='lat' dir='ltr'><strong>mulcent</strong></span> 
     </span>
     <span class='ocr_line' id='line_1_9' title="bbox 363 1524 1440 1607; baseline 0.005 -22"><span class='ocrx_word' id='word_1_57' title='bbox 363 1524 442 1585; x_wconf 91' lang='lat' dir='ltr'><strong>velut</strong></span> <span class='ocrx_word' id='word_1_58' title='bbox 458 1524 627 1586; x_wconf 90' lang='lat' dir='ltr'><strong>comoediae</strong></span> <span class='ocrx_word' id='word_1_59' title='bbox 651 1524 752 1604; x_wconf 88' lang='lat' dir='ltr'><strong>quales</strong></span> <span class='ocrx_word' id='word_1_60' title='bbox 768 1525 932 1587; x_wconf 81' lang='lat' dir='ltr'><strong>Menander</strong></span> <span class='ocrx_word' id='word_1_61' title='bbox 947 1525 1045 1590; x_wconf 90' lang='lat' dir='ltr'><strong>eiusvc</strong></span> <span class='ocrx_word' id='word_1_62' title='bbox 1062 1527 1223 1589; x_wconf 83' lang='lat' dir='ltr'><strong>imitatores</strong></span> <span class='ocrx_word' id='word_1_63' title='bbox 1238 1528 1367 1607; x_wconf 78' lang='lat' dir='ltr'><strong>agendas</strong></span> <span class='ocrx_word' id='word_1_64' title='bbox 1388 1529 1440 1590; x_wconf 90' lang='lat' dir='ltr'><strong>de-</strong></span> 
     </span>
     <span class='ocr_line' id='line_1_10' title="bbox 363 1610 1442 1694; baseline 0.002 -22"><span class='ocrx_word' id='word_1_65' title='bbox 363 1611 481 1686; x_wconf 93' lang='lat' dir='ltr'><strong>derunt,</strong></span> <span class='ocrx_word' id='word_1_66' title='bbox 496 1610 542 1673; x_wconf 89' lang='lat' dir='ltr'><strong>vel</strong></span> <span class='ocrx_word' id='word_1_67' title='bbox 557 1618 732 1690; x_wconf 84' lang='lat' dir='ltr'><strong>argumenta</strong></span> <span class='ocrx_word' id='word_1_68' title='bbox 747 1610 824 1672; x_wconf 85' lang='lat' dir='ltr'><strong>fietis</strong></span> <span class='ocrx_word' id='word_1_69' title='bbox 839 1611 957 1673; x_wconf 85' lang='lat' dir='ltr'><strong>ensibus</strong></span> <span class='ocrx_word' id='word_1_70' title='bbox 972 1620 1136 1675; x_wconf 91' lang='lat' dir='ltr'><strong>amatorum</strong></span> <span class='ocrx_word' id='word_1_71' title='bbox 1151 1614 1260 1674; x_wconf 83' lang='lat' dir='ltr'><strong>referta</strong></span> <span class='ocrx_word' id='word_1_72' title='bbox 1276 1612 1384 1694; x_wconf 90' lang='lat' dir='ltr'><strong>quibus</strong></span> <span class='ocrx_word' id='word_1_73' title='bbox 1394 1614 1442 1675; x_wconf 86' lang='lat' dir='ltr'><strong>rel</strong></span> 
     </span>
     <span class='ocr_line' id='line_1_11' title="bbox 363 1695 1441 1778; baseline 0.003 -21"><span class='ocrx_word' id='word_1_74' title='bbox 363 1695 489 1758; x_wconf 90' lang='lat' dir='ltr'><strong>multum</strong></span> <span class='ocrx_word' id='word_1_75' title='bbox 512 1714 544 1759; x_wconf 90' lang='lat' dir='ltr'><strong>se</strong></span> <span class='ocrx_word' id='word_1_76' title='bbox 559 1695 678 1758; x_wconf 81' lang='lat' dir='ltr'><strong>Arbiter</strong></span> <span class='ocrx_word' id='word_1_77' title='bbox 701 1696 834 1759; x_wconf 79' lang='lat' dir='ltr'><strong>exercuit</strong></span> <span class='ocrx_word' id='word_1_78' title='bbox 852 1698 899 1759; x_wconf 85' lang='lat' dir='ltr'><strong>vel</strong></span> <span class='ocrx_word' id='word_1_79' title='bbox 915 1697 1072 1778; x_wconf 76' lang='lat' dir='ltr'><strong>Apuleium</strong></span> <span class='ocrx_word' id='word_1_80' title='bbox 1096 1716 1314 1778; x_wconf 88' lang='lat' dir='ltr'><strong>nonnunquam</strong></span> <span class='ocrx_word' id='word_1_81' title='bbox 1336 1698 1441 1761; x_wconf 88' lang='lat' dir='ltr'><strong>lusisse</strong></span> 
     </span>
     <span class='ocr_line' id='line_1_12' title="bbox 364 1799 515 1844; baseline 0.02 -3"><span class='ocrx_word' id='word_1_82' title='bbox 364 1799 515 1844; x_wconf 82' lang='lat' dir='ltr'><strong>miramur.</strong></span> 
     </span>
    </p>
   </div>
   <div class='ocr_carea' id='block_1_4' title="bbox 360 1965 1444 2461">
    <p class='ocr_par' dir='ltr' id='par_1_4' title="bbox 360 1965 1444 2461">
     <span class='ocr_line' id='line_1_13' title="bbox 451 1965 1444 2053; baseline 0.002 -23"><span class='ocrx_word' id='word_1_83' title='bbox 451 1969 566 2032; x_wconf 82' lang='lat' dir='ltr'><strong>Murius</strong></span> <span class='ocrx_word' id='word_1_84' title='bbox 576 1968 722 2032; x_wconf 77' lang='lat' dir='ltr'><strong>Mercator</strong></span> <span class='ocrx_word' id='word_1_85' title='bbox 738 1977 839 2031; x_wconf 78' lang='lat' dir='ltr'><strong>contro</strong></span> <span class='ocrx_word' id='word_1_86' title='bbox 849 1968 1000 2033; x_wconf 78' lang='lat' dir='ltr'><strong>lulianum</strong></span> <span class='ocrx_word' id='word_1_87' title='bbox 1011 1989 1041 2051; x_wconf 83' lang='lat' dir='ltr'><strong>p.</strong></span> <span class='ocrx_word' id='word_1_88' title='bbox 1052 1965 1191 2034; x_wconf 75' lang='lat' dir='ltr'><strong>9Boluzi</strong></span> <span class='ocrx_word' id='word_1_89' title='bbox 1203 1968 1311 2053; x_wconf 85' lang='lat' dir='ltr'><strong>(musci</strong></span> <span class='ocrx_word' id='word_1_90' title='bbox 1319 1970 1444 2033; x_wconf 83' lang='lat' dir='ltr'><strong>rbeoorri</strong></span> 
     </span>
     <span class='ocr_line' id='line_1_14' title="bbox 360 2051 1442 2137; baseline 0 -20"><span class='ocrx_word' id='word_1_91' title='bbox 360 2055 460 2137; x_wconf 81' lang='lat' dir='ltr'><strong>pbilol.</strong></span> <span class='ocrx_word' id='word_1_92' title='bbox 477 2053 518 2118; x_wconf 78' lang='grc'><strong>44</strong></span> <span class='ocrx_word' id='word_1_93' title='bbox 530 2075 561 2136; x_wconf 75' lang='lat' dir='ltr'><strong>p.</strong></span> <span class='ocrx_word' id='word_1_94' title='bbox 576 2051 673 2137; x_wconf 79' lang='lat'><em>530):</em></span> <span class='ocrx_word' id='word_1_95' title='bbox 687 2054 841 2130; x_wconf 89' lang='lat' dir='ltr'><strong>erubesce,</strong></span> <span class='ocrx_word' id='word_1_96' title='bbox 857 2055 1068 2131; x_wconf 85' lang='lat' dir='ltr'><strong>infelicissime,</strong></span> <span class='ocrx_word' id='word_1_97' title='bbox 1084 2057 1114 2118; x_wconf 94' lang='lat' dir='ltr'><strong>in</strong></span> <span class='ocrx_word' id='word_1_98' title='bbox 1131 2064 1212 2119; x_wconf 92' lang='lat' dir='ltr'><strong>tanta</strong></span> <span class='ocrx_word' id='word_1_99' title='bbox 1223 2057 1341 2136; x_wconf 80' lang='lat' dir='ltr'><strong>linguae</strong></span> <span class='ocrx_word' id='word_1_100' title='bbox 1357 2075 1442 2118; x_wconf 88' lang='lat' dir='ltr'><strong>seur-</strong></span> 
     </span>
     <span class='ocr_line' id='line_1_15' title="bbox 363 2139 1442 2223; baseline 0.003 -22"><span class='ocrx_word' id='word_1_101' title='bbox 363 2141 425 2203; x_wconf 90' lang='lat' dir='ltr'><strong>rilis</strong></span> <span class='ocrx_word' id='word_1_102' title='bbox 447 2141 493 2204; x_wconf 85' lang='lat' dir='ltr'><strong>vel</strong></span> <span class='ocrx_word' id='word_1_103' title='bbox 513 2142 613 2223; x_wconf 88' lang='lat' dir='ltr'><strong>potius</strong></span> <span class='ocrx_word' id='word_1_104' title='bbox 635 2140 770 2203; x_wconf 85' lang='lat' dir='ltr'><strong>mimicae</strong></span> <span class='ocrx_word' id='word_1_105' title='bbox 792 2139 1003 2203; x_wconf 88' lang='lat' dir='ltr'><strong>obscenitate.</strong></span> <span class='ocrx_word' id='word_1_106' title='bbox 1029 2186 1037 2202; x_wconf 95' lang='lat'><strong>.</strong></span> <span class='ocrx_word' id='word_1_107' title='bbox 1064 2186 1072 2203; x_wconf 99' lang='lat'><strong>.</strong></span> <span class='ocrx_word' id='word_1_108' title='bbox 1099 2159 1228 2222; x_wconf 89' lang='lat' dir='ltr'><strong>namque</strong></span> <span class='ocrx_word' id='word_1_109' title='bbox 1250 2140 1392 2203; x_wconf 89' lang='lat' dir='ltr'><strong>Martialis</strong></span> <span class='ocrx_word' id='word_1_110' title='bbox 1412 2151 1442 2204; x_wconf 90' lang='lat' dir='ltr'><strong>et</strong></span> 
     </span>
     <span class='ocr_line' id='line_1_16' title="bbox 364 2225 1441 2309; baseline 0.001 -21"><span class='ocrx_word' id='word_1_111' title='bbox 364 2227 496 2290; x_wconf 85' lang='lat' dir='ltr'><strong>Petronii</strong></span> <span class='ocrx_word' id='word_1_112' title='bbox 515 2227 597 2290; x_wconf 93' lang='lat' dir='ltr'><strong>solus</strong></span> <span class='ocrx_word' id='word_1_113' title='bbox 619 2226 738 2307; x_wconf 77' lang='lat' dir='ltr'><strong>ingenia</strong></span> <span class='ocrx_word' id='word_1_114' title='bbox 754 2229 909 2307; x_wconf 91' lang='lat' dir='ltr'><strong>superasti.</strong></span> <span class='ocrx_word' id='word_1_115' title='bbox 936 2238 999 2291; x_wconf 79' lang='lat' dir='ltr'><strong>tum</strong></span> <span class='ocrx_word' id='word_1_116' title='bbox 1012 2246 1041 2309; x_wconf 81' lang='lat' dir='ltr'><strong>p.</strong></span> <span class='ocrx_word' id='word_1_117' title='bbox 1058 2225 1115 2290; x_wconf 84' lang='lat'><strong>11:</strong></span> <span class='ocrx_word' id='word_1_118' title='bbox 1142 2227 1302 2306; x_wconf 82' lang='lat' dir='ltr'><strong>eleganter,</strong></span> <span class='ocrx_word' id='word_1_119' title='bbox 1329 2245 1441 2303; x_wconf 90' lang='lat' dir='ltr'><strong>scurra,</strong></span> 
     </span>
     <span class='ocr_line' id='line_1_17' title="bbox 362 2311 1442 2394; baseline 0.002 -21"><span class='ocrx_word' id='word_1_120' title='bbox 362 2313 496 2392; x_wconf 83' lang='lat' dir='ltr'><strong>loqueris</strong></span> <span class='ocrx_word' id='word_1_121' title='bbox 520 2330 603 2374; x_wconf 91' lang='lat' dir='ltr'><strong>more</strong></span> <span class='ocrx_word' id='word_1_122' title='bbox 624 2320 676 2373; x_wconf 93' lang='lat' dir='ltr'><strong>tuo</strong></span> <span class='ocrx_word' id='word_1_123' title='bbox 707 2320 735 2373; x_wconf 92' lang='lat' dir='ltr'><strong>et</strong></span> <span class='ocrx_word' id='word_1_124' title='bbox 765 2331 848 2374; x_wconf 90' lang='lat' dir='ltr'><strong>more</strong></span> <span class='ocrx_word' id='word_1_125' title='bbox 875 2333 934 2394; x_wconf 90' lang='lat' dir='ltr'><strong>quo</strong></span> <span class='ocrx_word' id='word_1_126' title='bbox 964 2314 1113 2376; x_wconf 88' lang='lat' dir='ltr'><strong>theatrum</strong></span> <span class='ocrx_word' id='word_1_127' title='bbox 1139 2312 1249 2374; x_wconf 75' lang='lat' dir='ltr'><strong>Arbitri</strong></span> <span class='ocrx_word' id='word_1_128' title='bbox 1275 2311 1442 2393; x_wconf 88' lang='lat' dir='ltr'><strong>Valeriique</strong></span> 
     </span>
     <span class='ocr_line' id='line_1_18' title="bbox 363 2398 488 2461; baseline 0 -2"><span class='ocrx_word' id='word_1_129' title='bbox 363 2398 488 2461; x_wconf 88' lang='lat' dir='ltr'><strong>detristi.</strong></span> 
     </span>
    </p>
   </div>
   <div class='ocr_carea' id='block_1_5' title="bbox 360 2580 1442 2841">
    <p class='ocr_par' dir='ltr' id='par_1_5' title="bbox 360 2580 1442 2841">
     <span class='ocr_line' id='line_1_19' title="bbox 447 2580 1442 2668; baseline 0.001 -21"><span class='ocrx_word' id='word_1_130' title='bbox 447 2583 569 2649; x_wconf 81' lang='lat' dir='ltr'><strong>loouoer</strong></span> <span class='ocrx_word' id='word_1_131' title='bbox 580 2585 675 2667; x_wconf 78' lang='lat' dir='ltr'><strong>lydus</strong></span> <span class='ocrx_word' id='word_1_132' title='bbox 690 2586 723 2648; x_wconf 89' lang='lat' dir='ltr'><strong>de</strong></span> <span class='ocrx_word' id='word_1_133' title='bbox 737 2586 954 2668; x_wconf 72' lang='lat' dir='ltr'><strong>meyistrotibus</strong></span> <span class='ocrx_word' id='word_1_134' title='bbox 968 2584 987 2648; x_wconf 87' lang='lat'><em>1</em></span> <span class='ocrx_word' id='word_1_135' title='bbox 999 2584 1059 2650; x_wconf 76' lang='lat'><strong>41:</strong></span> <span class='ocrx_word' id='word_1_136' title='bbox 1085 2587 1153 2651; x_wconf 82' lang='grc' dir='ltr'><strong>Τοῦ</strong></span> <span class='ocrx_word' id='word_1_137' title='bbox 1176 2609 1232 2664; x_wconf 80' lang='grc' dir='ltr'><strong>νος</strong></span> <span class='ocrx_word' id='word_1_138' title='bbox 1246 2583 1282 2651; x_wconf 77' lang='grc' dir='ltr'><strong>δὲ</strong></span> <span class='ocrx_word' id='word_1_139' title='bbox 1297 2584 1353 2651; x_wconf 84' lang='grc' dir='ltr'><strong>καὶ</strong></span> <span class='ocrx_word' id='word_1_140' title='bbox 1366 2580 1442 2649; x_wconf 86' lang='grc' dir='ltr'><em>Ἰου-</em></span> 
     </span>
     <span class='ocr_line' id='line_1_20' title="bbox 360 2609 1441 2756; baseline 0 -21"><span class='ocrx_word' id='word_1_141' title='bbox 360 2667 516 2752; x_wconf 75' lang='grc' dir='ltr'><em>βενάλιος</em></span> <span class='ocrx_word' id='word_1_142' title='bbox 536 2675 593 2737; x_wconf 80' lang='grc' dir='ltr'><strong>καὶ</strong></span> <span class='ocrx_word' id='word_1_143' title='bbox 607 2665 802 2756; x_wconf 73' lang='grc' dir='ltr'><strong><em>Πετρώνιος</em></strong></span> <span class='ocrx_word' id='word_1_144' title='bbox 829 2664 977 2736; x_wconf 71' lang='grc' dir='ltr'><strong><em>αὐτόθεν</em></strong></span> <span class='ocrx_word' id='word_1_145' title='bbox 1003 2681 1078 2747; x_wconf 82' lang='grc' dir='ltr'><strong><em>ταῖς</em></strong></span> <span class='ocrx_word' id='word_1_146' title='bbox 1097 2609 1283 2753; x_wconf 55' lang='lat' dir='ltr'><strong>loriculam</strong></span> <span class='ocrx_word' id='word_1_147' title='bbox 1310 2668 1441 2747; x_wconf 79' lang='grc' dir='ltr'><strong><em>ἐπεξελ-</em></strong></span> 
     </span>
     <span class='ocr_line' id='line_1_21' title="bbox 363 2750 1116 2841; baseline 0.003 -22"><span class='ocrx_word' id='word_1_148' title='bbox 363 2750 485 2832; x_wconf 72' lang='grc' dir='ltr'><strong><em>θόντες</em></strong></span> <span class='ocrx_word' id='word_1_149' title='bbox 499 2753 557 2822; x_wconf 81' lang='grc' dir='ltr'><strong>τὸν</strong></span> <span class='ocrx_word' id='word_1_150' title='bbox 574 2754 750 2841; x_wconf 80' lang='grc' dir='ltr'><strong><em>σατυρικὸν</em></strong></span> <span class='ocrx_word' id='word_1_151' title='bbox 767 2753 868 2839; x_wconf 79' lang='grc' dir='ltr'><strong><em>νόμον</em></strong></span> <span class='ocrx_word' id='word_1_152' title='bbox 883 2758 1116 2839; x_wconf 64' lang='lat' dir='ltr'><strong>condecoretur.</strong></span> 
     </span>
    </p>
   </div>
   <div class='ocr_carea' id='block_1_6' title="bbox 0 0 1716 4934">
    <p class='ocr_par' dir='ltr' id='par_1_6' title="bbox 0 0 1716 4934">
     <span class='ocr_line' id='line_1_22' title="bbox 0 0 1716 4934; baseline 0 0"><span class='ocrx_word' id='word_1_153' title='bbox 0 0 1716 4934; x_wconf 95' lang='lat' dir='ltr'><strong> </strong></span> 
     </span>
    </p>
   </div>
  </div>
 </body>
</html>
