3417 4934
709 397 866 556 servin
1286 483 1329 544 re

201 658 348 727 ,olocum
370 665 400 719 et
421 657 508 720 latele
537 657 739 720 conditorium
766 657 902 720 familiari
925 676 959 719 ac
981 658 1044 720 viro
1067 659 1186 719 laceret.
1222 658 1329 720 mulier
1350 669 1364 717 t

236 762 307 806 non
324 743 424 805 minus
438 743 610 805 misericors
625 762 715 824 quam
729 743 837 823 pudica
853 738 913 805 “ne
927 741 1024 806 istud'
1040 743 1141 822 inquit
1150 743 1209 805 “dii
1220 744 1331 817 sinant,

242 837 281 892 ut
301 829 410 891 eodem
431 836 568 909 tempore
591 828 720 890 duorum
741 829 814 890 mibi
842 828 1068 891 carissimorum
1090 828 1246 890 hominum
1272 829 1331 891 duo

241 914 355 976 lunera
376 921 519 994 spectem.
548 914 627 976 malo
648 924 801 975 mortuum
823 914 1000 993 impendere
1023 932 1113 993 qnam
1132 915 1230 976 virum
1250 914 1330 975 occi·

203 1014 219 1065 e
243 998 347 1062 dere.''
377 998 545 1061 secundum
558 999 637 1061 hanc
654 999 821 1061 orationem
844 997 928 1061 iubet
950 1018 987 1060 ex
1008 1017 1077 1061 arca
1100 1017 1211 1080 corpus
1232 999 1330 1060 mariti
1351 1008 1366 1058 8

243 1086 293 1147 sui
320 1084 385 1146 tolli
407 1092 497 1164 atque
520 1084 572 1159 illi,
594 1103 671 1164 quae
693 1084 823 1159 vacabat,
847 1085 931 1146 cruci
951 1085 1041 1166 affigi.
1079 1103 1153 1147 usus
1179 1094 1225 1146 est
1246 1084 1331 1146 miles

243 1170 372 1251 ingenio
387 1169 637 1251 pmdentissimae
651 1171 789 1245 feminae,
804 1179 988 1250 posteroque
998 1171 1047 1232 die
1063 1170 1194 1252 populus
1207 1170 1335 1231 miratus

244 1266 301 1328 est,
318 1273 377 1335 qua
390 1255 508 1317 ratione
523 1267 661 1318 mortuus
672 1256 745 1318 isset
758 1256 790 1317 in
808 1254 948 1317 crucem.¹

333 1342 396 1404 risu
412 1359 558 1421 excepere
569 1340 697 1402 fabulam
714 1350 833 1411 naume,
849 1336 903 1427 [et]
924 1340 1122 1403 erubescente
1137 1360 1199 1402 non
1215 1333 1401 1402 medio-113

201 1440 225 1492 lt)
245 1427 340 1488 criter
355 1426 533 1508 Tryphaena
548 1427 722 1506 vultumque
743 1445 830 1489 suum
846 1445 939 1507 super
960 1427 1105 1488 cervicem
1121 1425 1238 1488 Gitonis
1252 1444 1332 1486 ama-

245 1511 349 1573 biliter
362 1522 508 1593 ponente.
535 1522 565 1574 at
580 1531 642 1573 non
658 1512 765 1575 Lichas
780 1512 855 1586 risit,
875 1513 928 1574 sed
949 1513 1059 1573 iratum
1072 1529 1266 1573 commovens
1281 1529 1330 1571 ca·
1352 1521 1366 1570 2

245 1608 303 1678 put
323 1597 359 1660 ‘si
380 1596 484 1660 instus’
507 1598 606 1677 inquit
627 1598 801 1679 ‘imperator
822 1597 937 1673 luisset,
966 1597 1070 1659 debuit
1091 1598 1185 1677 patris
1206 1596 1332 1658 familiae

247 1700 361 1763 corpus
376 1684 408 1745 in
424 1693 657 1745 monumentum
672 1684 797 1757 referre,
812 1683 969 1745 mulierem
986 1683 1107 1761 ailigere
1122 1681 1224 1744 crnci’.

335 1786 399 1830 non
422 1767 513 1829 dubie
535 1769 664 1830 redierat
686 1769 717 1830 in
740 1768 875 1831 animum
890 1768 1002 1848 Hedyle
1020 1767 1242 1848 expilatumque
1263 1766 1367 1828 libi-3

201 1865 228 1916 u
247 1854 356 1916 dinosa
377 1854 557 1935 migratione
581 1854 741 1933 navigium.
771 1853 823 1916 sed
846 1872 903 1916 nec
921 1854 1056 1915 foederis
1072 1854 1161 1915 verba
1176 1852 1332 1933 permitte·
1353 1861 1368 1911 4

247 1938 323 2001 bant
337 1939 519 2012 meminisse,
544 1957 599 2002 neo
615 1939 757 2013 hilaritas,
782 1957 859 2018 quae
881 1948 1078 2020 occupaverat
1099 1950 1226 2012 mentes,
1245 1937 1334 2000 dabat

247 2024 422 2087 iracundiae
436 2025 546 2086 locum.
576 2034 710 2086 ceterum
726 2024 905 2105 Tryphaena
926 2026 957 2086 in
973 2024 1087 2104 gremio
1104 2024 1221 2086 Gitonis
1234 2025 1331 2104 posita
1354 2033 1368 2080 5

248 2109 339 2172 modo
354 2110 499 2191 implebat
520 2110 630 2172 osculis
648 2118 763 2190 pectus,
785 2109 937 2172 interdum
959 2110 1161 2172 concinnabat
1174 2110 1333 2190 spoliatum

213 2194 387 2258 borinibus
401 2196 524 2258 vultum.
544 2194 549 2279 Ι
570 2214 625 2275 ego
640 2204 772 2257 maestus
794 2204 824 2257 et
845 2195 1004 2275 impatiens
1026 2195 1156 2258 foederis
1178 2196 1248 2257 novi
1268 2213 1331 2257 non
1353 2203 1368 2251 e

201 2292 229 2344 to
248 2281 361 2356 cibum,
377 2299 440 2344 non
455 2281 611 2362 potionem
626 2280 789 2363 capiebam,
804 2281 857 2343 sed
879 2281 1007 2361 obliquis
1028 2281 1224 2360 trucibusque
1239 2280 1333 2342 oculis

248 2374 413 2446 utrumque
437 2366 619 2448 spectabam.
660 2366 760 2428 omnia
788 2384 836 2428 me
865 2366 967 2428 oscula
994 2365 1200 2442 vulnerabant,
1228 2375 1368 2428 omnesr

251 2450 430 2525 blanditiae,
453 2470 651 2531 quascunque·
668 2452 778 2513 mulier
795 2451 955 2514 libidinosa
976 2451 1118 2530 lingebat.
1157 2469 1215 2513 nec
1233 2460 1333 2513 umen

253 2537 352 2600 adhuc
367 2535 508 2611 sciebam,
523 2546 624 2600 utrum
640 2538 733 2617 magis
747 2555 843 2619 puero
859 2538 1013 2613 irascerer,
1029 2538 1109 2617 quod
1123 2537 1248 2598 amicam
1262 2537 1335 2598 mibi

253 2623 397 2697 auferret,
413 2640 450 2684 an
473 2622 595 2698 amicae,
618 2624 699 2703 quod
723 2641 850 2704 puerum
873 2631 1098 2701 corrumperet:
1124 2630 1251 2701 utraque
1277 2621 1335 2682 ini-

203 2717 232 2770 te
249 2708 412 2771 micissima
435 2708 530 2770 oculis
551 2709 627 2771 meis
650 2718 679 2769 et
701 2708 871 2789 captivitate
893 2708 1053 2788 praeterita
1079 2707 1219 2770 tristiora.
1248 2724 1334 2768 acce·
1355 2714 1370 2763 8

249 2794 341 2857 debat
354 2794 425 2869 huc,
440 2794 521 2874 quod
538 2813 638 2873 neque
653 2794 833 2875 Tryphaena
847 2811 897 2854 me
912 2792 1120 2873 alloquebatur
1132 2802 1274 2871 tanquam
1290 2793 1334 2853 la·

249 2879 398 2942 millarem
420 2888 450 2940 et
464 2878 625 2958 aliquando
640 2887 758 2960 gratum
773 2878 830 2941 sihi
846 2888 1019 2954 amatorem,
1041 2897 1098 2940 nec
1117 2878 1206 2940 Giton
1221 2886 1336 2939 meant

248 2964 396 3027 ualahcia
410 2964 624 3045 propinatione
638 2965 762 3044 dignum
777 2964 938 3038 iudicabat,
953 2974 1005 3026 aut
1014 2963 1095 3044 quod
1107 2964 1264 3025 minimum
1280 2971 1335 3037 est,

201 3107 207 3126 .,
249 3068 391 3114 sermonm
402 3051 555 3113 communi
566 3049 699 3126 vocabat,
712 3050 813 3125 credo,
828 3050 941 3112 veritus
956 3069 996 3112 ne
1011 3051 1090 3112 inter
1100 3049 1185 3112 initia
1199 3048 1336 3111 coeuntis

201 3127 364 3217 lttgretiae
378 3146 532 3197 recentem
554 3135 723 3198 cicatricem
745 3135 941 3198 rescinderet
971 3136 1155 3198 inundavere
1169 3143 1277 3216 pectus
1291 3134 1334 3195 la·
1356 3141 1371 3189 u

201 3233 207 3296 ξ
250 3221 362 3284 crimee
377 3220 481 3283 dolore
496 3230 625 3301 paratae,
639 3221 829 3301 gemitusque
843 3221 972 3302 suspirio
988 3229 1084 3283 tectus
1095 3222 1224 3283 animam
1240 3221 1336 3301 paene

250 3306 399 3369 submovit

784 3410 805 3447 θ
1274 3445 1276 3448 .

334 3476 368 3538 in
383 3485 500 3556 portem
514 3476 674 3556 voluptatis
688 3475 851 3556 temptabat
866 3476 990 3550 admitti,
1006 3494 1063 3538 nec
1074 3476 1187 3537 domini
1197 3474 1333 3555 superci-
1356 3482 1384 3531 to

253 3558 323 3624 lium
337 3560 493 3637 induebat,
509 3562 563 3624 sed
578 3562 666 3623 amici
682 3560 844 3642 quaerebat
859 3561 1036 3643 obsequium
1071 3620 1073 3623 ,

784 3666 804 3701 {⁵

338 3731 374 3794 ‘ei
394 3732 469 3812 'qnid
491 3732 617 3811 ingenui
638 3732 794 3813 sanguinis
813 3732 916 3808 habes,
939 3751 1001 3793 non
1023 3732 1119 3812 pluris
1137 3731 1216 3793 illam
1232 3729 1332 3801 facies,
1356 3737 1384 3787 11

262 3831 340 3893 mam
356 3824 501 3879 scortum.
531 3817 556 3880 si
571 3818 617 3880 vir
632 3819 734 3893 fueris,
749 3838 811 3880 non
827 3818 885 3880 ibis
901 3818 938 3880 ad
951 3816 1115 3898 spintriam’

337 4025 567 4107 l-contubemlnm
584 4053 731 4117 flagitatae
747 4055 803 4105 nire·
817 4055 905 4119 periit
915 4039 1075 4105 vocobulum
1091 4056 1125 4104 ut
1140 4048 1207 4101 idem
1219 4047 1229 4115 ll
1243 4050 1259 4116 2
1272 4023 1320 4100 uec

267 4114 482 4175 luminumque
501 4122 593 4171 omisit
613 4120 657 4188 hl
673 4124 705 4176 14
724 4120 811 4174 hedilo
824 4121 834 4188 11
848 4124 882 4175 lo
900 4124 1136 4189 praeoccupaverat
1156 4118 1222 4169 libri
1240 4117 1321 4169 multi

268 4179 556 4326 ammom·
574 4186 743 4257 Tryphaenae
761 4189 795 4243 ad
813 4189 969 4259 Encolpium
985 4189 996 4258 l
1015 4192 1049 4243 36
1065 4194 1179 4301 sportam
1194 4185 1199 4253 Ι
1215 4184 1247 4238 ed
1265 4186 1338 4254 spui·
