3417 4934
343 464 383 521 52
803 456 957 512 Pli'l'lllllill

338 652 463 715 ,omnen
480 632 532 713 qui
547 632 667 714 patroni
682 632 741 694 mei
757 632 887 694 fuerant.
917 629 1040 693 aedifico
1056 630 1192 705 domum,
1208 630 1351 693 venalicia
1366 649 1417 695 co·
1435 641 1454 692 u

305 734 320 783 9
338 739 408 783 ,emo
420 718 567 793 iumenta3
578 717 721 798 quicquid
731 716 900 797 tangebam,
912 715 1066 779 crescebat
1076 724 1218 795 unquam
1230 716 1322 779 favus.
1339 726 1421 799 post-

344 824 433 887 quam
447 804 533 884 ooepi
553 803 622 885 plus
637 803 764 877 ¹habere,
786 820 874 882 quam
896 810 958 863 tota
978 801 1074 882 patria
1095 819 1160 863 mea
1172 800 1277 877 hahet,
1293 820 1421 865 manum

344 891 381 953 tle
395 888 513 959 ubilat
527 888 634 953 sustuli
648 906 696 951 me
712 888 749 949 de
764 886 967 967 negotiatione
982 896 1012 949 et
1018 887 1109 967 coepi
1119 886 1244 949 libertos
1255 888 1421 951 tacueram.

294 986 323 1037 to
345 984 375 1039 et
388 993 461 1038 sane
478 974 629 1042 nolentem
644 992 694 1036 me
712 974 868 1054 negotium
882 971 989 1040 'meum
1009 990 1098 1052 agene
1118 971 1284 1036 exhortavit
1301 973 1420 1036 mattae·
1438 986 1451 1036 t

345 1061 484 1141 maticus,
507 1060 558 1139 qni
573 1069 696 1122 venerat
709 1059 787 1121 forta
804 1060 836 1122 in
851 1058 1000 1122 coloniam
1017 1066 1163 1131 nestram
1175 1057 1352 1135 ¹Graeculio,
1369 1058 1423 1122 Se·

294 1156 322 1206 11
345 1164 418 1227 rapa
433 1145 567 1219 nominc,
589 1144 762 1210 consiliator
776 1144 911 1206 deorum.
941 1143 989 1206 hio
1001 1142 1077 1206 mihi
1091 1142 1165 1205 dixit
1179 1143 1267 1205 etiam
1282 1162 1328 1218 ea,
1345 1162 1422 1225 qnae

343 1230 453 1308 oblitus
471 1248 568 1307 eram3
587 1229 625 1292 ab
638 1229 702 1299 acia
712 1237 748 1292 et
761 1246 816 1291 acu
827 1228 873 1292 ,mi
888 1229 987 1291 omnia
1001 1229 1153 1309 expostum
1170 1228 1327 1291 intestinas
1340 1248 1423 1293 meas

345 1325 483 1393 novarat3
502 1324 620 1387 tantum
636 1313 718 1395 qnod
733 1314 804 1377 mihi
817 1333 882 1376 non
894 1314 1021 1388 -dixerat,
1039 1312 1111 1393 qaid
1125 1313 1221 1394 pridie
1230 1332 1422 1378 cenaverunt.

293 1396 333 1466 77
345 1413 481 1484 putasses
495 1400 578 1463 illum
593 1418 713 1481 semper
727 1417 844 1464 mecmn
857 1398 1016 1462 habitasse.
1052 1417 1136 1479 rogo,
1150 1398 1290 1462 llahinna
1304 1433 1349 1448 ··-
1364 1419 1421 1485 pn·
1441 1411 1466 1463 to

345 1497 386 1565 tn,
408 1486 570 1556 interfuisti
583 1506 642 1547 -ε
667 1489 720 1548 “tu
741 1484 892 1547 dominam
913 1493 995 1549 tuam
1012 1484 1156 1549 dn-rcbtn
1177 1484 1235 1547 illis
1251 1486 1361 1549 fecisti.
1389 1496 1422 1549 tu

342 1590 449 1654 parum
462 1572 534 1638 ielis
554 1572 586 1634 in
602 1571 713 1638 amicos
725 1589 770 1635 cs.
801 1589 889 1633 nemo
903 1586 1036 1649 unquam
1047 1568 1102 1631 tihi
1114 1588 1218 1650 parem
1233 1571 1360 1651 gratiam
1374 1590 1423 1635 re·

307 1667 322 1717 2
344 1659 411 1721 fert.
447 1666 480 1718 tn
502 1656 656 1722 latifundia
678 1655 822 1737 possides.
858 1664 891 1717 tu
910 1654 1041 1735 operam
1060 1654 1117 1717 suh
1136 1655 1185 1717 ala
1204 1656 1362 1719 ·nutrieas”
1383 1665 1424 1732 et,

344 1742 425 1823 quod
439 1741 525 1816 vohis
540 1760 601 1803 non
617 1740 753 1813 dixerim,
766 1748 801 1803 et
816 1758 899 1806 nuno
914 1740 954 1803 mi
967 1748 1083 1803 nesure
1096 1739 1174 1802 vitto
1187 1758 1286 1804 annos
1300 1743 1423 1824 uigilata

344 1837 375 1889 et
388 1845 508 1889 mensas
523 1835 666 1907 quattuor
685 1835 718 1888 et
732 1825 795 1892 dies
809 1825 895 1887 dnos.
924 1835 1078 1907 praeterea
1093 1825 1153 1888 cito
1172 1826 1316 1907 accipiam
1330 1829 1421 1893 here·
1441 1839 1467 1890 tt

307 1921 323 1971 3
345 1913 476 1984 ditatam.
513 1912 572 1973 hoc
585 1912 658 1976 mihi
680 1911 751 1973 dicit
772 1912 851 1973 lauis
869 1929 964 1976 meus
1001 1910 1081 1991 quod
1095 1910 1121 1973 si
1135 1912 1297 1992 contigerit
1311 1913 1424 1977 tanum

309 2006 325 2055 s
345 1997 469 2078 Apuliae
483 1997 619 2077 iungere,
636 1997 708 2061 satis
722 1996 805 2064 vivus
818 2014 996 2077 pervenero.
1033 1997 1153 2058 interim
1167 1997 1239 2059 dum
1254 1998 1424 2063 Memmius

342 2083 452 2161 vigilat,
466 2082 617 2151 aedificavi
632 2082 711 2148 hanc
724 2082 857 2148 donnum.
887 2089 921 2144 ut
933 2081 1027 2155 scitis,
1038 2080 1137 2143 casula
1152 2091 1229 2159 erat3
1243 2101 1329 2145 nnnc
1342 2094 1423 2149 tem·

343 2168 427 2248 plum
441 2174 496 2231 est
532 2167 622 2236 habet
639 2176 779 2247 quattuor
794 2166 978 2240 cenationes,
1000 2165 1136 2229 cubicula
1151 2166 1265 2248 viginti
1284 2172 1424 2251 porticus

343 2262 540 2320 marmoratos
561 2253 649 2328 duos,
670 2270 775 2316 susum
797 2252 1000 2327 cenationem,
1023 2251 1195 2314 cubiculum
1216 2253 1249 2316 in
1263 2272 1334 2334 guo
1356 2257 1422 2338 ipse
1441 2269 1467 2320 at

343 2339 470 2415 dormio,
484 2337 604 2419 viperae
619 2337 708 2402 huius
721 2337 894 2412 sessorinm,
908 2337 1020 2400 ostiarii
1032 2336 1136 2399 cellam
1150 2337 1333 2420 perbonam3
1351 2342 1423 2406 hos·

305 2424 447 2504 tpitium
470 2422 605 2503 hospites
628 2424 717 2504 capit.
752 2422 788 2491 ad
814 2441 976 2499 summam,
1004 2423 1134 2488 Scaurm
1156 2441 1225 2486 oum
1246 2424 1308 2487 hnc
1330 2428 1424 2504 venit,

342 2526 490 2590 nusquam
505 2508 647 2579 mavoluit
665 2508 823 2591 hospitari,
845 2517 877 2571 et
895 2508 986 2571 habet
1004 2509 1042 2570 ad
1064 2526 1146 2570 mare
1167 2518 1329 2590 paternum
1348 2513 1424 2577 hov-

304 2603 320 2652 6
341 2595 457 2675 pitium.
494 2603 525 2656 ct
546 2594 638 2657 multa
658 2594 715 2662 alia
736 2602 821 2669 sunt,
844 2613 921 2674 quae
941 2594 1038 2657 statim
1054 2594 1139 2658 vobis
1153 2595 1318 2663 ostendam.
1353 2613 1423 2662 ere·

342 2679 402 2743 dito
423 2679 513 2752 mihi:
535 2698 631 2742 assem
653 2679 774 2764 habeas,
796 2698 891 2743 msam
909 2679 1023 2755 valeas;
1045 2678 1150 2755 habes,
1171 2678 1340 2745 habeberis.
1377 2684 1422 2748 sic
1440 2695 1466 2748 a

304 2774 317 2823 7
341 2765 454 2836 amicus
474 2774 587 2841 vester,
610 2765 662 2845 qui
685 2765 741 2828 luit
762 2784 851 2841 rana,
876 2783 957 2829 nunc
979 2774 1025 2829 cst
1046 2782 1109 2827 rex.
1149 2765 1286 2841 interim,
1309 2767 1422 2846 Sticho,

340 2852 443 2931 proter
464 2850 569 2924 vitalia,
592 2850 623 2919 in
646 2848 755 2929 quihus
768 2850 836 2912 volo
856 2868 905 2912 me
922 2849 1031 2913 elierri.
1067 2850 1170 2932 proter
1186 2860 1217 2913 ct
1230 2863 1422 2933 unguentum

342 2946 371 2998 et
386 2954 423 2998 ex
438 2935 486 2997 illa
501 2935 645 3014 amphora
659 2943 791 3016 gustum,
806 2954 843 3000 ex
857 2953 916 3015 qua
931 2935 1021 2998 iubeo
1036 2935 1125 2997 lavari
1141 2955 1208 2999 ossa
1222 2936 1310 3000 mea?

289 3014 331 3084 78
426 3039 489 3082 non
504 3029 552 3082 est
565 3029 699 3086 moratus
714 3019 843 3096 Stichus,
864 3020 917 3083 sed
937 3030 968 3083 et
986 3020 1148 3103 stragulam
1167 3021 1265 3085 albam
1286 3033 1317 3086 et
1331 3042 1424 3106 prae·

339 3112 449 3167 textam
463 3105 495 3166 in
511 3104 675 3174 triclinium
690 3105 787 3168 attulit
1440 3120 1466 3173 at

302 3199 317 3249 t
339 3190 485 3270 iussitque
501 3209 557 3252 nos
571 3199 727 3271 temptare,
742 3209 780 3260 an
797 3188 886 3253 honis
899 3190 976 3254 lanis
987 3200 1087 3255 essent
1098 3193 1245 3255 contecta.
1268 3201 1332 3256 tum
1347 3196 1422 3257 sub·

339 3276 440 3338 ridens
455 3275 532 3337 ‘vide
547 3275 591 3336 tu'
605 3275 704 3356 inquit
718 3275 841 3350 ‘Stiche,
863 3295 902 3339 ne
916 3276 972 3344 ista
987 3295 1089 3341 mures
1102 3286 1225 3359 tangant
1238 3289 1290 3342 aut
1303 3280 1422 3358 tinem

340 3360 472 3440 alioquin
485 3370 528 3426 ‘tc
548 3362 647 3423 vivum
670 3361 854 3424 comburam.
899 3379 955 3441 ego
981 3363 1130 3443 gloriosus
1150 3363 1218 3426 volo
1244 3364 1362 3440 ellerri,
1387 3375 1423 3429 nt

302 3453 421 3508 ttotus
442 3446 514 3507 mihi
536 3447 666 3527 populus
686 3446 765 3511 bene
786 3447 989 3528 imprecetur’.
1027 3450 1128 3511 statim
1150 3449 1310 3530 ampullam
1333 3451 1421 3514 nardi

339 3530 458 3611 aperuit
473 3549 637 3611 omnesque
652 3551 708 3594 uos
726 3532 813 3595 unxit
834 3542 864 3595 et
880 3532 989 3613 ‘spero’
1004 3533 1102 3614 inquit
1116 3535 1261 3596 ‘futurum
1276 3543 1421 3617 utaequa
1439 3545 1465 3597 5

302 3622 317 3672 a
338 3633 387 3678 me
401 3624 553 3681 mortuum
575 3617 655 3679 iuvet
672 3625 814 3698 tanquam
828 3617 948 3680 vivum'.
985 3637 1053 3684 nam
1067 3622 1170 3682 vinum
1193 3619 1312 3699 quidem
1326 3621 1359 3683 in
1375 3622 1421 3685 vi-

339 3701 455 3764 narium
471 3701 557 3764 iussit
578 3701 697 3765 infundi
716 3712 747 3765 ot
762 3709 876 3784 ‘putate
888 3703 951 3767 vos’
970 3705 1012 3766 ait
1027 3705 1072 3767 ‘ad
1086 3706 1248 3787 parentalia
1263 3725 1329 3769 mea
1344 3706 1420 3770 invi·

340 3796 417 3850 tatos
431 3786 516 3849 esse'.

424 4024 442 4074 t
460 4037 505 4089 per
521 4021 630 4074 libertos
648 4022 773 4074 lictorius
789 4021 801 4090 l
823 4027 839 4078 5
857 4024 962 4078 uolente
977 4024 982 4093 Ι
997 4025 1114 4079 exoravit
1129 4027 1178 4079 red
1193 4030 1223 4077 in
1240 4030 1366 4093 margine
1382 4027 1418 4083 al.

339 4089 486 4141 exhortavit
498 4089 508 4159 l
522 4093 539 4144 9
556 4089 619 4142 mihi
636 4091 761 4142 additum
772 4095 802 4143 in
814 4093 961 4163 marginal
976 4098 1005 4149 11
1020 4095 1079 4146 imis
1090 4093 1299 4161 Hr‘rscltfeldv'tu,
1317 4095 1419 4162 pusillis

339 4158 465 4275 Zetusque
477 4158 488 4226 Ι
502 4162 533 4214 ta
552 4173 632 4212 cnsnc
650 4166 706 4213 erat
717 4159 728 4227 Ι
741 4162 774 4214 tu
792 4163 955 4215 marmoratis
972 4162 1039 4217 dnos
1053 4162 1059 4233 Ι
1074 4162 1260 4232 cellationemt
1274 4165 1307 4217 23
1319 4163 1418 4218 mavolt

364 4242 465 4277 omnm
