3417 4934
717 460 871 515 servate
1272 460 1332 521 107

205 644 230 695 ι,
252 632 439 714 Eumolpum
459 632 543 695 venit
563 643 592 695 et
614 632 824 695 commendare
845 632 957 698 liberos
979 653 1050 697 suos
1072 634 1137 696 eius
1157 633 1334 714 prudentiae

252 717 443 798 bonitatique
770 717 893 781 credere
908 738 940 781 se
955 729 985 781 et
999 728 1066 781 vota
1080 738 1143 782 sua.
1170 717 1253 781 illum
1269 737 1334 780 esse

253 804 352 867 solum
375 803 407 865 in
429 809 494 868 toto
516 802 589 863 orbe
611 811 769 879 terrarum,
793 805 844 884 qui
866 805 1034 885 praeceptis
1056 806 1144 866 etiam
1166 803 1335 866 salubribus

254 891 406 951 instruere
427 888 550 950 iuvenes
571 888 704 967 quotidie
726 899 837 969 posset.
873 891 909 952 ad
925 908 1080 963 summam,
1107 889 1278 970 relinquere
1300 902 1369 952 sea

211 986 230 1037 5
253 992 366 1056 pueros
379 973 412 1036 in
427 973 516 1035 domo
532 972 682 1054 Eumolpi,
697 974 827 1036 utillum
843 974 1017 1055 loquentem
1032 974 1172 1036 audirent

255 1078 331 1141 quae
354 1058 417 1121 sola
440 1067 542 1139 posset
564 1058 712 1122 hereditas
733 1059 892 1123 iuvenibus
914 1061 987 1122 dari.
1026 1078 1082 1122 nec
1103 1060 1189 1122 aliter
1208 1060 1280 1121 lecit
1300 1073 1370 1123 act

255 1145 379 1220 dixerat,
394 1143 544 1224 filiamque
559 1144 806 1225 speciosissimam
823 1164 892 1207 cum
906 1147 1000 1207 lratre
1014 1144 1131 1225 ephebo
1147 1144 1179 1206 in
1196 1142 1334 1206 cubiculo

255 1229 378 1309 reliquit
400 1228 608 1308 simulavitque
629 1249 662 1292 se
684 1230 715 1292 in
737 1230 884 1311 templum
906 1231 951 1293 ire
972 1231 1007 1293 ad
1030 1239 1097 1292 vota
1119 1229 1333 1310 nuncupanda.

255 1315 434 1396 Eumolpos,
449 1314 500 1394 qui
514 1323 575 1377 mm
589 1315 668 1395 frugi
683 1325 747 1377 erat
760 1324 795 1377 ut
808 1316 850 1378 illi
865 1316 952 1378 etiam
968 1335 1024 1396 ego
1039 1316 1255 1397 puer-viderer,
1271 1333 1334 1376 non
1356 1328 1371 1377 e

205 1406 237 1460 tu
256 1401 368 1463 distulit
390 1399 519 1480 puellam
541 1400 666 1462 inritare
688 1401 724 1463 ad
746 1400 888 1481 pigiciaca
903 1419 996 1464 sacra.
1025 1401 1077 1463 sed
1098 1409 1128 1462 et
1141 1400 1335 1483 podagricum
1356 1413 1372 1464 6

257 1506 287 1549 se
302 1504 368 1548 esse
381 1484 614 1565 lumborumque
628 1485 795 1548 solutorum
811 1485 952 1548 omnibns
966 1487 1090 1558 dixerat,
1111 1494 1141 1548 et
1154 1486 1180 1548 si
1194 1504 1257 1547 non
1272 1503 1337 1547 ser·

257 1580 353 1633 resset
365 1569 515 1651 integram
530 1569 758 1647 simulationem,
774 1570 1000 1652 periclitabatur
1010 1579 1103 1633 totam
1112 1590 1207 1652 paene
1218 1580 1336 1650 tragoe-

257 1657 334 1720 diam
351 1667 494 1719 evertere.
524 1656 625 1735 itaque
640 1664 674 1718 ut
687 1666 838 1719 constaret
852 1657 1008 1719 mendacio
1024 1657 1106 1731 fides,
1122 1656 1251 1736 puellam
1267 1654 1334 1735 qui·
1356 1670 1373 1720 t.

257 1744 324 1805 dem
341 1742 482 1815 exoravit,
497 1748 531 1804 ut
545 1742 663 1803 sederet
676 1761 767 1822 super
783 1744 1021 1805 commendatam
1036 1742 1211 1817 honitatem,
1232 1740 1336 1803 Coraci

205 1833 239 1889 15
257 1836 357 1891 antem
372 1828 539 1907 imperavit,
554 1834 589 1888 ut
602 1826 723 1903 lectum,
738 1827 770 1890 in
787 1847 847 1908 quo
863 1828 927 1908 ipse
942 1826 1068 1902 iacebat,
1083 1827 1199 1889 subiret
1214 1826 1336 1906 positis-

258 1932 316 1995 que
338 1913 370 1975 in
393 1912 564 1994 pavimento
587 1911 725 1974 manibus
742 1913 902 1975 dominnm
917 1913 1027 1975 lumbis
1041 1914 1104 1975 suis
1126 1920 1337 1974 commoveret.

257 1999 305 2062 ille
327 1998 411 2061 lente
432 1995 557 2080 parebat
577 1997 703 2077 imperio
726 1999 902 2079 puellaeque
916 1998 1076 2061 artificium
1095 1998 1160 2078 pari
1182 2005 1267 2058 motu
1289 2014 1337 2058 re·
1358 2010 1374 2061 8

257 2082 445 2147 munerabat.
474 2101 543 2145 cum
565 2100 637 2162 ergo
659 2100 708 2145 res
730 2083 766 2144 ed
786 2084 925 2145 ellectum
941 2091 1098 2164 spectaret,
1120 2083 1199 2145 clara
1214 2080 1374 2146 Eumol-a

258 2188 314 2251 pus
336 2186 411 2232 voce
433 2166 646 2231 exhortabatur
667 2168 788 2244 Coraca,
810 2177 846 2231 ut
866 2169 1009 2249 spissaret
1031 2169 1172 2231 officium.
1202 2169 1245 2230 sic
1260 2168 1340 2229 inter

208 2260 239 2313 20
256 2254 498 2318 mercennarium
513 2254 698 2334 amicamque
712 2255 828 2334 positus
843 2272 936 2317 senex
950 2255 1040 2316 veluti
1056 2254 1239 2316 oscillatione
1254 2252 1339 2314 lude-

258 2341 333 2404 hat‘
348 2339 407 2401 hoc
429 2339 522 2402 semel
542 2338 711 2419 iterumque
733 2339 849 2419 ingenti
871 2339 944 2415 risu,
975 2341 1063 2401 etiam
1089 2358 1156 2414 suo,
1175 2338 1340 2419 Eumolpus
1362 2350 1391 2402 to

258 2428 382 2489 lecerat.
411 2424 511 2504 itaque
533 2442 590 2504 ego
612 2441 742 2505 qnoque,
766 2444 805 2487 ne
827 2425 938 2487 desidia
960 2425 1210 2487 consuetudinem
1232 2423 1340 2503 perde·
1362 2435 1389 2485 11

258 2529 335 2586 rem,
357 2509 430 2572 dum
451 2510 546 2572 freter
566 2510 679 2572 sororis
700 2528 771 2572 suae
786 2520 934 2572 automata
950 2528 1006 2591 per
1021 2510 1188 2573 clostellum
1203 2510 1339 2582 miratur,

258 2595 372 2659 accessi
393 2603 603 2675 temptaturus,
625 2612 661 2657 an
685 2604 839 2677 pateretur
861 2597 1010 2657 iniuriam.
1041 2614 1097 2657 nec
1119 2615 1152 2657 se
1166 2593 1339 2657 reiciebata

212 2687 238 2738 25
258 2680 413 2744 blanditiis
427 2680 616 2744 doctissimus
630 2699 716 2761 puer,
731 2681 783 2743 sed
799 2698 847 2743 me
862 2699 974 2743 numen
991 2682 1146 2743 inimicum
1162 2679 1204 2742 ibi
1218 2696 1340 2759 quoque

258 2766 375 2831 invenit
865 2849 867 2851 q

795 2872 813 2911 *

346 2936 397 2999 ‘dii
411 2935 540 2999 maiores
554 2944 635 3011 sunt,
650 2936 703 3016 qui
717 2953 765 2997 me
779 2937 977 2999 restituerunt
991 2937 1022 2998 in
1035 2937 1195 3014 integmm.
1221 2934 1340 2995 hlercu·
1361 2946 1390 2997 tt

259 3023 331 3086 rius¹
346 3020 439 3098 enim,
461 3021 514 3102 qui
535 3021 649 3083 animes
670 3020 782 3084 ducere
804 3030 834 3084 et
848 3021 994 3085 reducere
1008 3021 1094 3096 solet,
1109 3022 1172 3083 suis
1187 3019 1341 3081 beneficiis

259 3106 389 3170 reddidit
404 3106 486 3183 mihi,
507 3107 588 3187 quod
601 3124 710 3175 manus
723 3105 797 3169 irata
812 3105 1007 3187 praeciderat,
1022 3116 1056 3169 ut
1076 3107 1152 3169 scias
1167 3124 1215 3167 me
1230 3105 1341 3185 gratio·

209 3202 238 3253 at
259 3193 370 3256 dorem
392 3210 568 3272 essequam
590 3191 787 3254 Protesilaum
809 3202 860 3255 eut
882 3211 1061 3273 quemquam
1089 3192 1179 3255 alium
1202 3191 1341 3271 antiquo-

260 3275 349 3341 rum!
376 3278 452 3341 haec
471 3276 591 3340 locutus
610 3276 716 3341 sustuli
737 3276 870 3341 tunicam
884 3277 1093 3359 Eumolpoque
1113 3295 1161 3338 me
1176 3285 1273 3338 totum
1287 3294 1340 3356 ap·
1363 3286 1391 3337 te

261 3363 395 3446 probari
425 3361 519 3426 atille
533 3362 631 3443 primo
654 3362 817 3437 exhorruit,
839 3362 949 3426 deinde
964 3373 998 3426 ut
1018 3363 1179 3444 plurimum
1194 3362 1341 3435 crederet,

261 3457 389 3531 utraque
404 3465 495 3511 mano
510 3449 636 3512 deorum
650 3447 795 3510 beneficia
811 3457 918 3511 tractat

647 3564 649 3570 ·
797 3557 814 3591 t

349 3620 505 3695 ‘Socrates
527 3620 652 3682 deorum
673 3619 890 3699 hominumque
910 3644 929 3678 a
954 3618 1098 3698 ‚gloriari
1114 3593 1239 3691 solebat,
1260 3614 1341 3695 quod
1363 3625 1392 3676 14

213 3715 242 3765 aa
262 3723 421 3805 nunquam
436 3722 536 3786 neque
551 3704 582 3767 in
597 3702 752 3766 tabernam
769 3712 966 3786 conspexerat
981 3722 1038 3766 nec
1058 3702 1148 3765 ullins
1162 3703 1267 3764 turbae
1282 3702 1341 3761 fre·

263 3790 433 3872 qnontioris
449 3790 575 3853 concilio
598 3789 701 3852 oculos
722 3807 794 3853 suos
808 3789 984 3852 crediderat
1014 3789 1088 3850 adeo
1110 3788 1183 3850 nihil
1199 3796 1244 3849 est
1259 3804 1342 3847 com·

263 3876 383 3940 modius
398 3892 487 3955 mam
503 3893 622 3955 semper
637 3893 705 3937 cum
721 3876 865 3955 sapientia
880 3871 982 3955 loqui'

352 4100 366 4151 t
378 4100 410 4149 ut
418 4093 610 4148 commendaret
618 4095 755 4147 laccarius
769 4094 779 4161 ΙΙ
792 4096 808 4147 2
820 4107 848 4147 se
860 4107 922 4161 spes
934 4097 961 4146 et
973 4093 1106 4154 haimim,
1127 4105 1156 4143 ae
1169 4104 1194 4143 er
1186 4088 1322 4142 llohdiae
1333 4088 1343 4158 ll

268 4168 300 4219 ro
334 4163 427 4233 hysica
444 4179 481 4217 aa
498 4162 732 4231 Aphrodisiacatl
722 4163 784 4231 llll
803 4162 884 4216 lento.
919 4163 1046 4214 orniam
1062 4157 1181 4221 sortasse
1202 4156 1341 4227 impulsu}

265 4247 404 4304 paqne
423 4228 565 4301 Cuperuel
579 4233 611 4287 33
630 4228 784 4285 beneficium
803 4230 998 4296 Scaligeronua
