3417 4934
339 457 381 517 70
804 454 959 511 vernoun

337 640 450 714 posset,
472 631 574 711 siper
596 629 680 691 aliam
703 636 819 711 partem
842 629 924 691 naris
945 631 1014 710 suga
1035 639 1246 710 quaereretur:
1270 647 1355 691 nunc
1369 641 1452 711 pert

337 718 473 800 puppim,
488 734 544 797 per
558 715 622 795 ipsa
637 714 838 794 gubernacula
850 713 1046 778 delabendum
1058 724 1113 789 est,
1129 732 1290 795 equorum·
1299 716 1422 796 regione

304 802 421 865 aionis
443 801 606 875 descendit,
629 800 681 880 qui
703 801 829 881 scaphae
852 801 1015 862 custodiam
1038 809 1131 862 tenet.
1174 808 1331 881 practerea
1351 800 1422 863 illud

338 888 441 962 miror,
464 886 610 965 Encolpi,
637 885 692 947 tibi
715 904 777 947 non
801 886 1002 961 succurrisse,
1023 904 1119 948 unum
1142 893 1264 948 nauum
1287 886 1422 949 stationis

338 980 502 1055 perpetuae
517 970 648 1033 interdiu
663 979 816 1050 noctuque
838 971 935 1033 iacere
957 973 988 1033 in
1011 971 1130 1055 scapha,
1160 989 1216 1033 nec
1238 989 1330 1052 posse
1352 972 1450 1037 iudet

303 1069 318 1119 6
341 1059 496 1121 custodem
512 1057 570 1119 nisi
585 1064 635 1118 aut
650 1057 740 1118 caede
763 1056 869 1136 expelli
891 1066 944 1119 aut
964 1056 1154 1138 praecipitari
1174 1056 1299 1118 viribus.
1342 1058 1420 1137 quod

338 1162 376 1206 an
399 1142 465 1205 fieri
486 1141 599 1224 possit,
629 1141 812 1222 interrogate
834 1141 985 1204 audaciam
1008 1152 1145 1204 vestram.
1191 1160 1260 1203 nam
1285 1142 1367 1222 quod
1387 1143 1421 1205 ad

338 1246 439 1291 meum
469 1226 588 1307 quidem
615 1227 788 1289 comitatum
815 1228 937 1305 attinet,
967 1228 1081 1289 nullum
1111 1245 1219 1289 recuso
1243 1227 1421 1308 periculum,

302 1325 316 1374 t
340 1314 420 1395 quod
441 1312 545 1376 salutis
564 1330 650 1393 spem
672 1313 811 1374 ostendit.
850 1330 919 1374 nam
938 1313 1004 1375 siue
1019 1330 1106 1375 causa
1122 1312 1268 1391 [quidem]
1283 1312 1421 1392 spiritum

338 1409 481 1478 tauquam
505 1416 570 1460 rem
591 1415 712 1460 vacuam
728 1397 904 1477 impendere
918 1418 959 1460 ne
973 1417 1025 1461 vos
1047 1397 1167 1478 quidem
1182 1398 1323 1459 existimo
1337 1398 1420 1461 velle.
1439 1412 1461 1464 tt

302 1495 317 1545 8
338 1485 444 1558 ridete,
460 1482 607 1562 numquid
622 1482 679 1544 hoc
690 1484 819 1563 placeat:
836 1502 892 1563 ego
904 1502 956 1546 vos
971 1484 1001 1545 in
1017 1485 1091 1545 duas
1102 1484 1158 1544 iem
1171 1483 1264 1562 pelles
1274 1483 1421 1546 coniciam

337 1570 512 1650 vinctosque
534 1568 606 1631 loris
627 1568 707 1630 inter
727 1568 901 1631 vestimenta
922 1588 979 1649 pro
1001 1568 1127 1631 sarcinis
1147 1567 1282 1642 habebo,
1309 1570 1421 1651 apertis

337 1656 452 1718 seilicet
466 1654 653 1733 aliquatenus
674 1652 775 1727 labris,
798 1654 908 1733 quihus
930 1663 961 1715 ct
982 1655 1119 1736 spiritum
1142 1654 1278 1734 recipere
1300 1654 1421 1736 possitis

303 1752 318 1802 9
340 1750 370 1802 et
384 1739 493 1805 cibum.
525 1738 719 1800 conclamaho
743 1739 851 1801 deinde
875 1750 964 1801 nocte
986 1758 1088 1801 servos
1102 1757 1231 1819 poenam
1254 1740 1420 1819 grarimem

337 1826 479 1887 timentes
493 1824 704 1904 praecipitasse
726 1844 759 1886 se
781 1825 812 1887 in
835 1843 928 1888 mare.
965 1823 1073 1887 deinde
1096 1842 1164 1887 cum
1185 1833 1309 1887 ventum
1332 1825 1422 1887 fuerit
1439 1840 1462 1891 rt

291 1921 319 1971 10
340 1912 371 1972 in
392 1917 523 1990 portum,
545 1909 611 1970 sine
632 1910 691 1971 ulla
713 1911 886 1990 suspicione
907 1928 964 1991 pro
987 1909 1112 1973 sarcinis
1126 1928 1179 1971 vos
1198 1908 1341 1972 ederam!
1370 1910 1420 1973 ‘ita

252 2034 264 2073 ,
337 1992 417 2057 vero’
432 1995 553 2073 inquam
570 2012 626 2074 ego
642 2000 793 2074 ‘tanquam
808 1995 920 2059 solidos
931 1996 1113 2076 alligaturus,
1127 1994 1237 2074 quihus
1247 2014 1310 2057 non
1326 1996 1421 2059 solent

337 2089 442 2141 venter
465 2079 603 2142 iniuriam
634 2078 754 2142 facere?
788 2100 826 2143 an
849 2091 991 2160 tauquam
1014 2099 1066 2142 eos
1089 2082 1140 2159 qui
1162 2089 1333 2143 sternutare
1356 2100 1419 2144 non

337 2166 486 2228 soleamus
502 2183 559 2226 uec
573 2164 720 2227 stertere?
751 2184 788 2227 an
806 2167 874 2246 quia
889 2167 946 2228 hoc
961 2185 1058 2247 genus
1071 2166 1143 2227 furti
1158 2166 1251 2227 semel
1268 2162 1358 2253 [mea]
1376 2168 1418 2229 le·

291 2262 318 2313 tt
340 2251 438 2313 liciter
452 2248 562 2312 cessit?
577 2251 629 2312 sed
643 2252 723 2329 finge
738 2270 798 2312 uua
814 2251 863 2314 die
877 2252 994 2313 vinctos
1006 2269 1094 2332 posse
1109 2252 1233 2313 durare:
1249 2253 1322 2332 quid
1337 2271 1420 2335 ergo,
1437 2268 1463 2319 at

338 2337 363 2399 si
378 2337 489 2399 diutius
510 2344 561 2397 aut
580 2336 779 2415 unuquillitas
801 2357 858 2399 nos
881 2337 1014 2398 tenuerit
1033 2345 1084 2397 aut
1098 2337 1219 2399 adversa
1234 2336 1420 2418 tempestae?

290 2433 317 2485 12
340 2421 412 2501 quid
427 2421 534 2483 facturi
549 2419 673 2483 sumus?
702 2431 797 2485 vestes
817 2440 938 2502 quoque
960 2422 1070 2484 diutius
1090 2423 1204 2483 vinctas
1218 2440 1293 2502 ruga
1309 2440 1420 2485 eonsu-

338 2508 408 2582 mit,
431 2516 461 2569 et
475 2507 594 2569 chartac
608 2506 743 2587 alligatae
757 2518 876 2570 mutant
895 2510 1031 2587 figuram.
1061 2508 1184 2569 iuvenes
1198 2507 1295 2569 adhuc
1310 2508 1422 2571 laboris

339 2601 476 2674 expertes
490 2601 654 2655 statuamm
670 2594 730 2655 ritu
745 2595 895 2675 patiemur
909 2612 1028 2674 pannos
1043 2601 1073 2654 et
1087 2590 1214 2655 vinclai’
1240 2609 1242 2611 ’

724 2719 730 2729 ·
871 2700 889 2739 *

291 2775 318 2825 ta
342 2763 447 2825 ‘adhuc
462 2761 594 2842 aliquod
624 2763 680 2824 iter
708 2763 811 2825 salutis
840 2763 1044 2844 quaerendum
1071 2772 1126 2825 est
1168 2763 1318 2843 inspicite,
1342 2764 1465 2845 quodat

341 2867 396 2930 ego
411 2849 523 2912 inveni.
539 2848 705 2927 Eumolpus
719 2858 861 2927 tanquam
877 2849 1044 2910 litterarum
1058 2849 1209 2911 studiosus
1223 2849 1328 2928 utique
1343 2860 1422 2911 aua·

338 2944 473 2996 mentum
495 2932 595 2994 habet.
628 2932 686 2994 hoc
706 2951 778 3013 ergo
800 2934 934 2995 remedio
955 2942 1105 2995 mutemus
1127 2934 1245 2997 colores
1266 2952 1282 2995 a
1306 2936 1423 3015 capillis

338 3038 434 3098 usque
450 3019 485 3080 ad
507 3036 634 3098 ungues.
672 3018 710 3079 ita
731 3027 874 3098 tanquam
898 3018 974 3080 servi
989 3019 1151 3099 Aethiopes
1173 3027 1204 3081 et
1225 3027 1345 3101 praesto
1369 3019 1424 3084 tihi

338 3104 450 3165 erimus
465 3103 532 3164 sine
553 3112 773 3165 tormentorum
800 3104 909 3166 iniuria
930 3103 1049 3179 hilares,
1078 3114 1109 3166 et
1129 3113 1298 3186 permutato
1321 3106 1424 3168 colore

291 3200 319 3250 14
340 3188 531 3269 imponemus
553 3186 701 3249 inimicis!
737 3187 884 3269 ‘quidui‘l’
902 3189 1002 3269 inquit
1016 3188 1105 3251 Giton
1130 3188 1227 3252 ‘etiam
1243 3190 1424 3253 circumcide
1443 3202 1465 3254 at

338 3293 403 3347 nos,
419 3281 453 3334 ut
467 3273 568 3334 ludaei
582 3273 742 3356 videamur,
758 3282 789 3336 et
803 3275 952 3354 pertunde
967 3292 1064 3357 aures,
1083 3284 1118 3336 ut
1132 3276 1283 3338 imitemur
1297 3275 1423 3352 Arabes,

338 3369 368 3420 et
383 3358 497 3420 increta
521 3358 621 3435 facies,
641 3368 677 3420 ut
699 3378 770 3422 suos
785 3359 876 3421 Gallia
898 3360 977 3421 cives
992 3370 1091 3441 putet:
1113 3370 1255 3442 tanquam
1276 3361 1326 3423 hic
1341 3362 1425 3425 solus

337 3445 422 3505 color
436 3445 561 3523 liguram
582 3444 677 3524 possit
691 3454 864 3525 pervertere
885 3455 916 3507 et
930 3464 992 3507 non
1013 3446 1106 3507 multa
1121 3466 1181 3509 una
1197 3456 1334 3527 oporteat
1348 3466 1424 3509 con·

290 3541 320 3592 tt
341 3529 472 3592 sentiant
489 3523 530 3614 [et
545 3524 620 3615 nen]
637 3531 763 3613 ratione,
776 3539 813 3592 ut
825 3530 1014 3592 mendacium
1030 3541 1157 3594 constet.
1192 3540 1264 3614 puta
1279 3532 1423 3595 infectam

338 3615 536 3678 medicamine
551 3614 657 3676 faciem
673 3616 784 3678 diutius
800 3616 909 3678 durare
923 3634 1030 3697 posse;
1045 3618 1125 3698 finge
1138 3635 1195 3678 nec
1210 3635 1304 3696 aquae
1319 3635 1423 3698 asper·
1443 3629 1465 3681 at

338 3702 439 3781 qinom
455 3699 662 3779 imposituram
678 3701 807 3780 aliquam
825 3702 947 3782 corpori
968 3703 1124 3787 maculam,
1144 3720 1202 3764 nee
1217 3711 1328 3764 restem
1343 3713 1423 3765 atra-

338 3794 440 3848 mento
455 3785 659 3859 adhaesuram,
676 3787 755 3865 quod
772 3788 948 3867 frequenter
967 3789 1056 3849 etiam
1078 3807 1140 3850 non
1164 3788 1309 3849 accersito
1325 3789 1424 3850 terru-

337 3872 419 3933 mine
430 3870 581 3951 infigitur:
594 3887 658 3950 age,
670 3871 817 3952 numquid
824 3882 854 3934 et
861 3872 942 3934 labra
949 3891 1109 3952 possumus
1120 3882 1238 3934 tumore
1249 3875 1424 3937 taeterrimo

337 3954 489 4036 implere?
519 3956 665 4035 numquid
688 3966 719 4018 et
740 3958 840 4020 crines
862 3958 1031 4020 calamistro
1047 3956 1244 4020 convertere?
1275 3960 1422 4039 numquid

424 4115 442 4171 q
459 4088 632 4173 gubernacula
650 4089 744 4157 edidit,
762 4090 906 4171 custodiam
925 4092 1073 4174 adnotavit
1087 4091 1270 4172 Tor-ncestuosi!
1286 4094 1318 4144 19
1336 4092 1424 4173 liene

336 4157 1335 4296 ltdtl⁰tttttltt²⁴⁸ddttt‘tlt‘tttttldutlttts‘
