3417 4934
359 480 421 541 236
799 478 949 533 Staseas

327 667 342 716 c
442 653 569 736 podibus
583 652 613 714 in
631 653 709 713 hanc
724 653 906 714 sententiam
921 653 996 714 itum
1011 661 1065 713 ost.
1103 670 1160 714 nec
1175 670 1269 728 mora,
1293 653 1431 736 Cyllcnius

359 742 440 803 illum
457 739 535 802 collo
551 736 672 799 obtorto
687 736 779 799 trahit
792 739 829 799 ad
853 738 977 813 inferos,
992 756 1009 799 a
1024 736 1105 799 caelo

580 822 659 884 ‘illuc
674 822 755 883 unde
771 832 885 901 negant
899 823 998 885 redire
1014 821 1214 902 quemquam’.

308 907 429 976 l2dum
452 908 640 971 descendunt
661 926 717 988 per
738 906 814 969 viam
836 927 962 984 sacram,
985 908 1151 987 interrogat
1174 907 1351 984 Mercurius,
1372 908 1432 989 quid

357 994 414 1058 sibi
428 993 498 1056 velit
519 993 569 1055 ille
592 1011 759 1055 concursus
773 993 942 1068 hominum,
966 1012 1039 1056 num
1050 992 1164 1056 Claudii
1186 994 1279 1057 funus
1293 1002 1381 1059 esset.
1407 1002 1453 1056 ott

358 1089 422 1145 orat
444 1079 578 1141 omnium
601 1077 849 1140 formosissimum
873 1089 903 1141 et
925 1080 1061 1160 impensa
1082 1097 1165 1150 cura,
1188 1078 1279 1158 plano
1302 1087 1339 1141 ut
1352 1078 1434 1141 sabea

358 1168 447 1229 deum
462 1164 578 1226 efferri:
594 1163 772 1236 tubicinum,
789 1165 988 1240 cornicinum,
1012 1164 1111 1226 omnis
1125 1165 1247 1244 generis
1267 1174 1435 1227 aenatorum

358 1262 439 1314 mota
455 1248 553 1324 turba,
576 1259 678 1311 tantus
694 1258 871 1320 concentus,
896 1259 929 1311 ut
951 1251 1039 1312 etiam
1055 1249 1195 1312 Claudius
1216 1250 1322 1312 audire
1336 1258 1436 1331 posset·

328 1347 343 1397 2
358 1355 463 1400 omnes
474 1336 552 1409 laeti,
568 1330 691 1396 hilares:
707 1334 839 1414 populus
854 1335 1008 1398 Romanus
1021 1335 1190 1397 ambulabat
1204 1345 1350 1415 tanquam
1360 1335 1436 1398 libor

359 1422 474 1503 Agatho
490 1430 522 1482 et
535 1438 623 1501 pauor
615 1419 779 1482 causidici
796 1419 965 1501 plorabam,
988 1421 1041 1482 sed
1053 1420 1146 1502 plane
1161 1439 1198 1483 ex
1212 1420 1327 1483 animo.
1358 1420 1467 1483 iuria-tt

359 1507 488 1570 consulti
505 1505 667 1568 otenebris
678 1505 894 1585 procedebant,
911 1506 1023 1586 pallidi,
1038 1505 1215 1586 graciles,
1190 1524 1238 1568 nx
1249 1507 1379 1568 animam
1392 1506 1438 1568 ba·

358 1594 473 1664 bootes,
490 1602 632 1670 tanquam
650 1592 781 1670 quitum
793 1592 922 1652 maxime
934 1591 1154 1654 reviviscerent.
1180 1610 1216 1653 ex
1229 1592 1276 1653 bis
1287 1607 1439 1654 unuscum

358 1679 480 1740 vidisset
491 1678 588 1757 capita
600 1678 792 1737 conterentes
803 1686 833 1737 et
845 1676 982 1739 fortunas
993 1695 1061 1739 suas
1068 1677 1261 1757 deplorantes
1271 1676 1439 1751 musidieos,

359 1764 475 1826 accedit
494 1771 525 1824 et
545 1761 598 1823 ait:
630 1759 776 1823 ‘dicebam
798 1761 899 1823 vobis:
924 1781 987 1823 non
1011 1780 1131 1842 semper
1146 1762 1317 1825 Saturnalia
1339 1760 1439 1826 orunt'.

330 1860 345 1909 3
361 1848 499 1910 Claudius
522 1855 556 1908 ut
570 1846 641 1907 vidit
662 1848 754 1907 lunus
777 1865 876 1919 suum,
892 1846 1038 1909 intellexit
1060 1867 1093 1909 se
1108 1858 1263 1909 mortuum
1279 1867 1356 1911 csso.
1397 1847 1469 1910 inb

355 1934 436 2012 genti
453 1952 490 1994 en
506 1951 536 1994 m
551 1928 685 2015 μεγάλῳ
700 1931 826 2015 χορικῷ
845 1933 934 1994 nenia
956 1933 1134 1996 cantabatur
1150 1933 1338 2014 anapaestis:

567 2016 695 2078 ‘fundite
706 2018 804 2091 dotus,
821 2017 900 2079 edite
916 2018 1066 2098 planetus,

568 2111 690 2163 resonet
705 2103 782 2163 tristi
799 2103 933 2165 clamore
948 2105 1066 2167 forum:

568 2186 675 2249 cecidit
690 2187 817 2267 pulchre
834 2187 974 2251 cordatus
989 2190 1090 2264 homo,

569 2291 629 2352 quo
646 2291 708 2334 non
724 2274 799 2335 alius
815 2275 873 2335 luit
889 2275 919 2335 in
937 2284 1000 2336 toto

571 2358 680 2420 fortior
695 2359 778 2420 urbe.

516 2438 545 2487 1⁰
571 2443 619 2504 ille
641 2443 731 2505 citato
747 2445 867 2505 vincere
882 2462 973 2506 cursu

568 2537 685 2608 poterat
700 2529 821 2604 celeres,
837 2528 886 2591 ille
902 2529 1028 2591 rebelles

568 2614 695 2675 lundcro
710 2614 836 2676 Parthos
852 2614 1027 2694 levibusque
1042 2614 1128 2694 sequi

567 2698 687 2761 Persida
704 2700 780 2775 telis,
796 2710 939 2780 certaque
954 2718 1045 2761 manu

568 2786 693 2848 tondere
710 2791 843 2856 nervum,
861 2787 912 2867 qui
927 2785 1107 2867 praecipites

517 2874 547 2926 20
569 2871 694 2933 vulnere
709 2889 799 2951 parvo
815 2872 921 2952 figeret
936 2873 1046 2945 hostes,

569 2957 709 3037 pictaque
725 2956 804 3018 bladi
819 2965 903 3037 terga
921 2957 1046 3036 fugacis.

569 3042 619 3102 ille
636 3042 799 3104 Britannos
815 3042 892 3104 ultra
909 3043 973 3103 noti

569 3126 659 3188 litora
673 3126 762 3206 ponti

571 3219 600 3272 et
615 3212 768 3273 caeruleos
782 3220 865 3273 acuta
882 3211 1037 3289 Brigantas

519 3302 549 3352 30
570 3295 641 3357 dare
656 3296 810 3360 Romuleis
825 3297 903 3360 colla
918 3297 1032 3360 catenis

572 3381 658 3443 iussit
672 3392 703 3443 et
718 3383 815 3462 ipsum
841 3401 915 3444 nova
931 3382 1083 3445 Romanae

572 3467 637 3528 iura
651 3469 767 3530 securis
781 3478 911 3530 tremere
927 3468 1090 3531 Oceanum.

572 3552 678 3614 delleta
693 3553 800 3634 virum,
816 3573 877 3633 quo
894 3573 956 3615 non
972 3553 1047 3617 alius

572 3637 671 3718 potuit
684 3638 773 3701 citius
787 3639 906 3702 discere
921 3658 1034 3714 causas,

522 3732 551 3782 to
572 3741 633 3785 una
647 3731 765 3786 tantum
780 3735 866 3805 parte
881 3725 991 3801 audita,

573 3828 661 3891 saepe
677 3828 716 3871 ne
730 3819 805 3875 utra.
838 3811 905 3890 quis
927 3829 1012 3873 nunc
1023 3811 1111 3873 iudex

573 3903 636 3956 toto
652 3896 718 3958 lites
732 3894 831 3957 audiet
846 3893 949 3957 anno?

454 4045 513 4101 lad
524 4045 622 4097 interos
633 4049 699 4097 acte
712 4046 914 4111 damnaveram,
936 4044 1108 4113 probabilius
1126 4056 1139 4093 a
1154 4043 1227 4096 caelo
1239 4040 1442 4094 sustulitllm

368 4120 411 4167 tau
423 4130 484 4167 oum
495 4114 557 4168 illue
566 4114 846 4182 occidendorum,
849 4117 882 4168 tt
893 4116 904 4182 ιι
917 4112 1058 4176 dromus
1066 4107 1220 4163 llerenrium
1233 4110 1244 4179 l
1257 4102 1446 4164 ‘laenatomml

371 4187 403 4237 ta
420 4198 478 4236 eum
496 4182 547 4236 alit
559 4182 614 4249 l1⁶
632 4184 763 4236 incinente
785 4185 901 4248 conixi,
922 4174 1106 4251 μεγαληγορίᾳ
1129 4178 1226 4231 lentae
1242 4182 1252 4245 ss
1271 4180 1302 4232 at
1320 4183 1445 4246 putem

366 4249 456 4324 madal
466 4254 500 4308 38
518 4256 545 4305 et
563 4256 654 4305 neutra
673 4251 755 4305 odtta'o
772 4252 900 4321 princepe
