3417 4934
674 497 828 553 servent

368 669 419 750 qni
433 687 551 751 pugnas
566 678 596 733 et
612 677 707 732 castra
722 670 805 751 petit,
821 670 1026 751 praecingitur
1040 688 1131 746 auro;

365 756 429 818 vilis
444 756 580 818 adulator
594 756 675 837 picto
690 756 766 818 iacet
781 756 883 819 ebrius
897 765 989 830 ostro,

365 849 394 902 et
408 842 461 921 qui
475 842 615 904 sollicitat
630 851 748 922 nuptas,
764 841 802 902 ad
815 842 945 923 praemia
960 851 1078 940 peccat:

367 927 430 988 sola
445 927 598 1025 pruinosis
613 928 719 989 horret
733 928 871 989 facundia
886 927 995 1009 pannis

364 1022 453 1109 atque
468 1012 552 1093 inopi
567 1014 671 1111 lingua
684 1014 816 1075 desertas
830 1012 949 1075 invocat
963 1021 1051 1075 artes.

251 1110 281 1156 on
296 1096 404 1159 dubie
396 1109 436 1159 ita
452 1098 552 1160 estrei
568 1100 635 1179 quis
646 1098 784 1160 vitiorum
795 1098 931 1161 omnium
946 1098 1084 1160 inimicus
1098 1106 1215 1160 rectum
1231 1097 1288 1159 iter
1302 1091 1346 1160 84

249 1177 291 1243 tae
301 1183 399 1263 eoepit
411 1182 558 1259 insistere,
570 1185 701 1265 primum
713 1194 839 1265 propter
848 1201 967 1246 morum
978 1184 1177 1246 differentiam
1189 1183 1290 1245 odium

249 1265 314 1345 ubet3
337 1268 404 1348 quis
426 1269 507 1331 enim
527 1278 628 1350 potest
649 1268 779 1351 probare
794 1267 932 1332 diversa?
954 1268 1062 1331 deinde
1076 1269 1129 1349 qui
1144 1271 1222 1331 solas
1237 1287 1290 1330 ex·
1311 1278 1325 1327 1

249 1371 312 1415 uere
328 1354 443 1416 divitias
464 1366 582 1430 curant,
605 1355 680 1416 nihil
697 1356 802 1418 volunt
822 1356 903 1417 inter
923 1356 1061 1417 homines
1080 1354 1185 1417 melius
1200 1354 1291 1428 credi,

249 1457 302 1501 tam
319 1440 398 1519 qnod
418 1440 476 1520 ipsi
489 1447 606 1502 tenent.
635 1441 823 1503 insectantur
837 1442 951 1521 itaque,
973 1459 1152 1521 quacunque
1174 1440 1289 1503 ratione
1311 1447 1326 1498 3

249 1534 353 1601 ssunt,
375 1525 540 1587 litterarum
557 1535 715 1602 amatores,
737 1537 771 1589 ut
785 1526 942 1588 videantur
955 1527 998 1589 illi
1010 1545 1129 1606 quoquo
1144 1527 1222 1589 inlra
1236 1544 1290 1606 pe·

249 1612 330 1673 niam
344 1609 444 1691 positi'

746 1718 762 1755 *

297 1778 303 1863 Ι
323 1780 436 1843 ‘nescio
452 1798 513 1860 quo
528 1782 618 1843 modo
632 1781 730 1843 honae
745 1782 855 1843 mentis
869 1800 957 1844 soror
972 1790 1017 1844 est
1031 1782 1201 1864 paupertas'
1312 1793 1327 1842 4

746 1890 762 1927 *

296 1951 430 2027 uellem,
459 1959 520 2013 mm
542 1950 691 2014 innocens
713 1962 792 2015 esset
814 1951 992 2032 frugalitatis
1014 1970 1097 2014 meae
1119 1952 1229 2028 hostis,
1258 1962 1327 2013 uto

249 2035 338 2147 liniri,
351 2045 464 2117 posset
510 2054 593 2098 nunc
615 2047 771 2101 veteranus
801 2046 846 2099 est
875 2039 949 2100 latro
980 2046 1010 2100 et
1038 2037 1110 2119 ipsis
1132 2038 1292 2101 lenonibus

249 2124 329 2185 ctior

746 2234 763 2268 s

295 2293 335 2355 ‘in
353 2293 453 2355 Asiam
475 2310 542 2354 cum
565 2310 581 2351 a
603 2282 760 2371 quaestore
782 2310 878 2355 essem
898 2293 1047 2375 stipendio
1064 2293 1198 2370 eductus,
1221 2296 1289 2356 hos·
1305 2290 1348 2359 85

249 2378 317 2441 ium
332 2377 471 2458 Pergami
487 2377 600 2457 accepi.
638 2375 774 2440 obicum
790 2379 921 2440 libenter
936 2378 1101 2441 habitarem
1117 2399 1180 2441 non
1196 2380 1293 2443 solum

248 2473 337 2547 opter
352 2463 466 2526 cultuni
484 2462 697 2539 aedicularum,
719 2464 771 2527 sed
789 2465 878 2526 etiam
899 2474 1024 2545 propter
1038 2464 1166 2546 hospitis
1181 2466 1290 2527 formo·

249 2552 362 2613 simum
377 2550 483 2625 lilium,
506 2549 670 2627 excogitavi
691 2550 850 2624 rationem,
874 2567 932 2628 qua
954 2569 1015 2611 non
1038 2568 1134 2612 essem
1156 2551 1232 2631 patri
1250 2552 1293 2612 la·

251 2636 308 2698 liae
325 2645 483 2715 suspectus
494 2644 618 2696 amator.
644 2636 883 2715 quotiescunque
895 2634 975 2696 enim
988 2635 1018 2696 in
1032 2636 1167 2697 convivio
1183 2638 1220 2697 de
1235 2655 1290 2698 usu
1312 2649 1327 2697 1

249 2739 414 2784 τωοιοιιιιιι
429 2722 543 2781 mentio
558 2722 634 2782 lacta
649 2729 703 2797 est,
718 2730 777 2783 tam
793 2721 986 2782 vehementer
999 2721 1155 2796 excandui,
1171 2731 1230 2784 tam
1245 2740 1292 2783 se·

249 2826 279 2869 ra
295 2806 415 2869 tristitia
429 2806 533 2867 violari
556 2823 643 2868 aures
664 2825 744 2869 meas
766 2808 899 2869 obsceno
920 2824 1060 2868 sermone
1082 2807 1175 2882 nolui,
1198 2816 1232 2869 ut
1245 2826 1293 2869 me

249 2901 307 2955 nter
321 2892 484 2973 praecipue
498 2900 641 2971 tanquam
657 2911 752 2955 unum
768 2911 804 2953 ex
819 2892 1007 2974 philosophis
1022 2892 1200 2955 intueretur.
1234 2893 1291 2954 iam
1313 2904 1328 2952 3

249 2998 267 3041 o
282 2995 442 3059 coeperam
459 2976 608 3057 ephebum
627 2980 657 3039 in
674 2979 860 3061 gymnasium
876 2980 1032 3054 deducere,
1049 2996 1104 3058 ego
1119 2978 1215 3041 studia
1231 2979 1294 3041 eius

248 3065 364 3140 dinare,
386 3082 441 3143 ego
457 3064 567 3125 docere
582 3081 617 3125 ao
633 3066 818 3145 praecipere,
843 3082 882 3125 ne
900 3064 967 3143 quis
987 3065 1145 3145 praedator
1159 3064 1295 3145 corporis

251 3150 421 3213 mitteretur
435 3149 467 3211 in
482 3149 603 3210 domum

747 3257 764 3295 ἡ

299 3322 379 3381 forte
394 3336 462 3382 cum
477 3318 508 3379 in
525 3317 656 3380 triclinio
672 3320 846 3397 iaceremus,
860 3321 929 3400 quia
944 3320 1007 3381 dies
1022 3320 1175 3383 sollemnis
1188 3321 1291 3382 ludum
1313 3333 1328 3382 4

250 3412 365 3467 laverat
388 3404 598 3485 pigritiamque
619 3406 780 3468 recedendi
807 3406 991 3487 imposuerat
1011 3405 1144 3469 hilaritas
1165 3406 1294 3486 longior,

249 3510 277 3553 re
293 3492 372 3553 cirea
387 3490 513 3552 mediam
535 3500 655 3552 noctem
676 3492 809 3555 intellexi
831 3510 958 3573 puerum
974 3491 1104 3572 vigilare.
1134 3493 1234 3573 itaque
1256 3493 1292 3554 ti·
1314 3503 1329 3552 t

248 3577 381 3639 idissimo
397 3593 550 3638 murmure
564 3585 664 3638 votum
681 3578 738 3640 laci
754 3588 784 3640 et
799 3576 958 3640 “domina”
974 3578 1096 3657 inquam
1114 3578 1247 3654 “Venus,
1269 3579 1293 3640 si

249 3682 272 3735 :o
287 3663 371 3723 hunc
386 3680 514 3743 puerum
529 3662 695 3739 basiavero,
717 3665 756 3726 ita
771 3674 805 3725 ut
819 3664 868 3726 ille
885 3683 946 3725 non
963 3664 1085 3739 sentiat,
1104 3683 1170 3726 cras
1184 3665 1226 3726 illi
1241 3682 1294 3745 par

249 3749 424 3810 lumharum
446 3747 594 3812 donabo''
638 3749 738 3811 audito
760 3750 917 3830 voluptatis
945 3750 1042 3829 pretio
1071 3768 1147 3849 pner
1168 3757 1329 3812 sterteret

249 3833 328 3915 »epit
350 3834 454 3931 itaque
463 3852 620 3933 aggressus
635 3834 776 3897 simulant
763 3842 823 3897 tem
834 3836 948 3932 aliquot
961 3835 1103 3897 basiolis
1095 3836 1197 3897 invasi.
1220 3852 1294 3896 con·

250 3930 319 3983 ntus
334 3919 393 3982 hoc
408 3920 558 4002 principio
574 3919 652 3981 bene
673 3938 761 3982 mane
776 3939 891 3983 surrexi
883 3921 1094 4019 electumque
1112 3939 1166 4001 par
1179 3918 1294 3982 colum·

249 4025 325 4068 trum
341 4007 425 4068 attuli
442 4007 609 4086 expectanti
624 4024 658 4068 ac
677 4024 725 4067 me
741 4017 809 4069 voto
829 4007 948 4069 exsolvi.
977 4007 1111 4088 proxima
1123 4015 1212 4068 nocte
1223 4024 1291 4069 cum
1307 4000 1350 4071 86

306 4213 321 4263 'l
342 4207 499 4276 inspicere!
488 4207 550 4276 1111
568 4208 721 4328 iactentur!
743 4212 770 4261 11
791 4210 863 4261 malo
881 4209 942 4262 illae
959 4214 985 4261 et
1002 4208 1130 4278 positae!
1118 4208 1180 4278 111
1199 4224 1297 4262 nomm

249 4279 363 4330 errantis
381 4276 534 4343 adpositum
552 4282 612 4328 orot
629 4277 710 4329 Enmo
721 4291 770 4343 pus
783 4276 793 4415 1
806 4280 868 4332 29
856 4294 938 4331 ammo
955 4277 1087 4332 adtulerat
