3417 4934
774 482 929 538 sarthan
1347 484 1388 542 47

270 668 294 719 11
309 667 340 722 et
353 658 423 722 ideo
439 657 562 738 ingenio
578 676 646 720 meo
660 658 831 739 impositum
847 669 893 722 est
907 658 949 721 illi
964 679 1075 722 nomen
1093 660 1303 735 bellissimum
1318 677 1387 721 nam

309 744 458 808 Daedalus
471 753 604 807 vocatur.
640 753 671 805 et
685 744 753 823 quia
769 742 879 805 bonam
895 753 1026 807 mentem
1041 746 1139 822 habet,
1161 746 1245 807 attuli
1268 745 1310 808 illi
1324 745 1386 807 Ro·
1407 756 1423 805 a

308 850 355 894 ma
372 848 486 892 munus
501 830 614 892 cultros
629 830 738 892 Norico
761 829 861 895 ierro'.
899 850 975 911 quos
997 832 1094 893 statim
1118 832 1204 895 iussit
1226 831 1325 893 alierri
1340 831 1388 891 in-

307 925 489 999 spectosque
510 917 634 978 miratus
656 924 710 977 est.
747 915 835 976 etiam
859 916 946 979 nobis
968 926 1144 997 potestatem
1166 918 1245 994 lecit,
1269 926 1302 979 ut
1323 935 1389 978 mu·

274 1018 287 1068 5
308 1020 432 1065 cronem
448 1001 484 1063 ad
500 1001 626 1064 buccam
641 1000 846 1082 probaremus.

394 1086 496 1150 subito
510 1088 698 1149 intraverunt
712 1086 772 1147 duo
787 1087 873 1161 servi,
897 1097 1037 1167 tanquam
1053 1087 1104 1167 qui
1120 1088 1212 1149 rixam
1231 1087 1267 1148 ad
1290 1086 1386 1149 lacum
1408 1098 1423 1148 4

308 1173 466 1248 iecissent3
488 1182 570 1235 certe
591 1173 623 1235 in
646 1172 723 1250 collo
746 1171 842 1234 adhuc
864 1173 1022 1254 amphoras
1035 1172 1193 1235 habebant.
1230 1192 1299 1234 cum
1314 1191 1387 1252 ergo
1409 1184 1424 1232 5

308 1258 490 1321 Trimalchio
506 1258 552 1321 ius
574 1258 654 1320 inter
675 1257 825 1336 litigantes
847 1258 970 1333 diceret,
993 1267 1100 1321 neuter
1120 1258 1298 1321 sententiam
1321 1259 1389 1320 tulit

309 1344 511 1418 decernentis,
533 1343 585 1406 sed
607 1343 728 1405 alterius
748 1344 923 1424 amphoram
945 1345 1023 1406 iuste
1049 1344 1205 1424 percussit.
1250 1353 1387 1406 conster-
1408 1356 1423 1405 6

262 1443 288 1494 lt
308 1431 371 1492 nati
387 1449 447 1492 uos
461 1429 620 1491 insolentia
635 1428 787 1490 ebriorum
802 1430 1014 1492 intentavimus
1028 1430 1131 1492 oculos
1151 1429 1183 1491 iu
1207 1429 1389 1510 proeliantes

309 1516 537 1595 notavimusque
559 1523 657 1577 ostrea
678 1515 876 1595 pectinesque
894 1535 911 1577 e
931 1516 1037 1596 gastris
1063 1515 1202 1589 labentia,
1224 1533 1300 1595 quae
1325 1514 1388 1576 col-

308 1602 384 1665 lecta
406 1618 484 1682 puer
503 1602 589 1662 lance
610 1600 801 1664 circumtulit.
837 1601 891 1663 has
910 1600 1037 1663 lautitias
1060 1601 1196 1681 aequavit
1215 1600 1389 1681 ingeniosus
1409 1611 1424 1660 t

309 1706 414 1764 cocus;
443 1686 476 1748 iu
505 1685 647 1748 craticula
670 1686 751 1747 enim
773 1695 913 1766 argentea
936 1686 1072 1750 cochleas
1093 1686 1191 1748 attulit
1212 1695 1242 1747 et
1263 1688 1388 1748 tremula

307 1772 538 1852 taeterrimaque
552 1790 625 1833 voce
639 1771 775 1833 cantavit.

263 1871 289 1923 15
393 1857 488 1939 pudet
502 1858 626 1931 reterre,
641 1875 718 1937 quae
733 1864 893 1918 secuntur:
909 1857 1042 1920 inaudito
1054 1858 1134 1919 enim
1148 1877 1231 1920 more
1243 1858 1329 1939 puori
1339 1874 1388 1919 ea·
1409 1867 1424 1918 8

309 1945 402 2026 pillati
418 1943 585 2005 attulerunt
598 1951 786 2024 unguentum
802 1942 832 2004 in
849 1952 990 2022 argentea
1006 1944 1090 2024 pelve
1105 1944 1255 2025 pedesque
1271 1962 1390 2006 recum·

310 2030 446 2093 bentium
462 2037 624 2101 unxerunt,
647 2046 716 2091 cum
732 2037 801 2089 ante
816 2045 904 2089 crura
923 2028 1058 2108 talosque
1080 2030 1201 2092 corollis
1214 2030 1389 2093 vinxissent.

309 2116 381 2179 hinc
396 2134 433 2177 ex
449 2114 552 2178 eodem
568 2123 723 2195 unguento
746 2114 777 2174 in
799 2112 944 2176 vinarium
965 2124 1055 2195 atque
1077 2115 1231 2178 lucernam
1254 2115 1388 2195 aliquan·
1409 2125 1424 2174 9

308 2214 371 2264 tum
387 2210 436 2264 est
450 2200 593 2263 inlusum.

263 2300 289 2350 to
394 2288 453 2349 iam
469 2292 610 2367 coeperat
624 2284 787 2347 Fortunata
801 2283 877 2345 velle
892 2284 1007 2359 saltare,
1023 2286 1080 2347 iam
1096 2286 1234 2348 Scintilla
1245 2288 1388 2366 frequen·
1412 2295 1440 2346 1⁰

311 2374 369 2437 tius
384 2371 546 2454 plaudebat
560 2388 650 2450 quam
664 2369 852 2449 loquebatur,
876 2387 944 2430 cum
960 2370 1138 2433 Trimalchio
1160 2370 1321 2452 ‘permitto’
1343 2371 1389 2432 in-

310 2460 375 2539 quit
391 2458 575 2538 ‘Philargyre
589 2465 619 2518 et
634 2455 730 2531 Cario,
746 2455 800 2517 etsi
815 2455 1005 2535 prasinianus
1020 2476 1052 2519 es
1067 2458 1207 2531 famosus,
1223 2458 1270 2519 dic
1285 2466 1315 2518 et
1329 2457 1390 2518 ble-

311 2544 461 2627 nophilae,
477 2540 685 2605 contubernali
700 2549 778 2616 tuae,
794 2539 978 2603 discumbat'.
1016 2542 1087 2622 quid
1102 2541 1215 2604 multa?
1242 2561 1337 2622 paene
1353 2541 1389 2602 de
1412 2552 1439 2602 11

310 2630 396 2694 lectis
410 2629 519 2691 deiecti
540 2645 654 2702 sumus,
677 2626 750 2688 adeo
771 2636 868 2688 totum
883 2626 1044 2689 triclinium
1059 2628 1168 2688 lamilia
1183 2636 1389 2707 occupaverat.

264 2726 289 2777 aa
309 2725 391 2779 certe
406 2732 464 2794 ego
480 2713 579 2775 notavi
595 2731 687 2794 super
700 2731 748 2774 me
763 2711 893 2792 positum
906 2730 1021 2788 cocum,
1038 2714 1087 2794 qui
1100 2714 1136 2774 de
1148 2732 1240 2794 porco
1253 2731 1388 2774 anserem
1412 2723 1440 2773 12

310 2805 433 2870 lecerat,
448 2800 544 2861 muria
559 2797 820 2877 condimentisque
835 2798 987 2859 fetentem.
1022 2818 1079 2860 nec
1094 2809 1254 2861 contentus
1269 2800 1327 2861 fuit
1340 2817 1389 2860 re·
1412 2808 1440 2858 ta

311 2887 464 2961 cumbere,
479 2884 531 2948 sed
545 2884 689 2946 continuo
701 2883 852 2963 Ephesum
864 2883 1038 2965 tragoedum
1050 2885 1150 2966 coepit
1159 2884 1267 2947 imitari
1279 2893 1309 2945 et
1319 2883 1390 2946 sub·

310 2974 380 3036 inde
395 2972 552 3034 dominum
567 2988 654 3032 suum
670 2969 833 3051 sponsione
849 2988 1012 3049 provocare
1033 2972 1068 3033 ‘si
1089 2971 1228 3051 prasinus
1247 2969 1391 3051 proximis

311 3057 498 3122 circensibus
512 3056 639 3138 primam
655 3052 801 3135 palmam'.

265 3158 290 3208 at
362 3142 523 3230 [diffusus
537 3143 593 3204 hac
608 3142 802 3203 contentione
816 3140 995 3203 Trimalchio
1013 3140 1118 3203 ‘amici’
1139 3141 1238 3221 inquit
1251 3148 1292 3203 ‘et
1311 3142 1386 3203 servi
1402 3136 1421 3206 7

311 3230 451 3294 homines
465 3237 537 3291 sunt
551 3236 582 3289 et
595 3245 691 3307 aeque
705 3245 800 3288 unum
815 3226 922 3288 lactem
937 3226 1088 3311 biberunt,
1103 3228 1191 3289 etiam
1206 3227 1231 3289 si
1247 3227 1314 3289 illos
1328 3245 1389 3287 ma-

311 3320 357 3381 lus
371 3318 452 3379 latus
467 3313 625 3395 oppressit
662 3322 762 3374 tamen
778 3331 825 3373 me
840 3312 920 3375 salvo
942 3313 1001 3374 cito
1017 3331 1123 3392 aquam
1145 3312 1268 3374 hberam
1290 3321 1390 3393 gusta-

312 3404 397 3467 buna
434 3400 471 3462 ad
487 3416 644 3473 summam,
664 3416 769 3459 omnes
784 3397 850 3460 illos
865 3398 895 3459 in
912 3406 1090 3460 testamento
1106 3417 1173 3461 meo
1189 3397 1390 3461 manumitto.

311 3488 487 3568 Philargyro
501 3485 589 3546 etiam
608 3482 735 3546 luudum
757 3484 824 3563 lego
846 3492 876 3545 et
894 3484 1141 3546 contubernalem
1162 3502 1255 3558 suam,
1271 3483 1389 3547 Carioni
1410 3494 1424 3542 2

267 3593 293 3643 an
312 3592 436 3656 quoque
450 3570 577 3634 insulam
593 3578 623 3631 et
637 3569 805 3632 vicesimam
821 3580 851 3631 et
866 3569 975 3631 lectum
990 3580 1125 3632 stratum.
1156 3588 1225 3632 nam
1241 3570 1388 3631 Fortuna·
1409 3579 1425 3627 3

312 3671 371 3723 tam
385 3676 484 3721 meam
506 3656 648 3717 heredem
671 3655 756 3730 facio,
784 3665 813 3716 et
834 3657 1012 3718 commendo
1034 3656 1113 3717 illam
1129 3656 1268 3717 omnibus
1290 3654 1390 3716 amicis

314 3748 396 3808 meis.
436 3753 467 3806 et
479 3742 554 3804 haec
570 3741 637 3804 ideo
654 3741 753 3802 omnia
769 3741 900 3821 publico,
918 3751 951 3803 ut
965 3741 1074 3803 familia
1090 3759 1154 3802 mea
1170 3742 1226 3803 iam
1244 3760 1326 3802 nunc
1347 3740 1389 3802 sic

313 3851 361 3894 me
376 3838 457 3893 amet
471 3837 613 3907 tanquam
629 3824 798 3891 mortuum'.
834 3828 944 3906 gratias
959 3846 1046 3907 agere
1062 3845 1167 3888 omnes
1186 3826 1388 3905 indulgentiae
1409 3835 1424 3885 4

314 3923 479 3999 coeperant
493 3913 616 3993 domini,
633 3929 700 3973 cum
716 3911 765 3973 ille
781 3912 890 3974 oblitus
902 3931 1049 3993 nugarum
1061 3914 1211 3994 exemplar
1222 3911 1390 3973 testamenti

271 4016 296 4067 tt
313 4004 398 4068 iussit
413 4000 514 4064 afferri
529 4007 560 4061 et
572 4007 668 4060 totum
684 4016 699 4057 a
715 3998 812 4077 primo
828 3999 864 4058 ad
882 3999 1017 4062 ultimum
1038 4000 1260 4078 ingemescente
1280 3997 1389 4059 familia

316 4090 458 4153 recitavit.
494 4083 659 4165 respiciens
673 4083 781 4145 deinde
797 4084 965 4147 Habinnam
982 4085 1063 4165 ‘quid
1078 4082 1159 4146 dicis'
1174 4083 1271 4161 inquit
1286 4082 1389 4145 ‘amice
1410 4095 1425 4144 5

1424 3097 1516 3203 1¹⁰

401 4251 561 4323 latialitlll
570 4251 777 4320 potimetnohis
786 4250 795 4322 ΙΙ
805 4251 918 4305 linloco
931 4254 941 4321 Ι
956 4253 1119 4320 ldliquatnm
1125 4256 1165 4304 est
1172 4250 1183 4321 ΙΙ
1191 4253 1224 4305 32
1230 4250 1387 4321 oppresserit
