3417 4934
702 483 857 541 SATVRAE
1277 485 1319 548 59

205 666 222 720 1.
239 661 321 722 inter
340 660 490 723 anhelitus
508 659 693 740 sudoresque
714 660 815 735 tritus,
838 660 919 740 quod
934 661 1081 737 voluerat,
1103 663 1231 743 accepit,
1255 682 1319 725 rur-

238 764 352 825 susque
367 746 399 808 in
414 764 554 808 somnum
569 745 665 807 decidi
680 746 787 826 gaudio
803 746 907 810 lassus.
941 747 1116 827 interposita
1131 749 1230 811 minus
1244 749 1317 810 hora
1338 758 1354 807 e

239 849 377 913 pungere
392 850 440 893 me
455 849 546 893 manu
561 833 661 912 coepit
676 840 705 893 et
720 831 835 894 dicere:
861 835 973 911 “quare
989 852 1050 894 non
1066 832 1231 896 lacimus‘l’'
1253 844 1317 896 tum
1341 843 1369 893 10

239 936 295 998 ego
318 916 431 981 totiens
453 916 597 979 excitatus
612 916 700 998 plane
714 919 907 979 vehementer
922 918 1067 979 excandui
1091 929 1121 981 et
1140 919 1254 982 reddidi
1277 920 1318 981 illi

205 1013 216 1062 t
238 1021 326 1065 voces
342 1021 427 1065 suas:
452 1005 523 1064 “aut
537 1003 643 1078 dormi,
659 1014 710 1065 aut
726 1021 780 1083 ego
796 1004 854 1065 iam
870 1004 947 1083 patri
963 1003 1098 1065 dicam'''

777 1117 795 1149 {¹

323 1180 442 1236 erectus
455 1174 502 1236 bis
516 1173 706 1238 sermonibus
721 1175 879 1236 consulere
891 1174 1117 1255 prudentiorem
1133 1175 1220 1254 coepi
1330 1172 1373 1241 88

238 1266 350 1321 aetates
364 1257 531 1321 tabularum
547 1270 577 1322 et
592 1261 736 1340 quaedam
751 1270 927 1339 argumenta
942 1261 1013 1322 mihi
1026 1260 1153 1323 obscura
1168 1260 1315 1339 simulque

239 1362 358 1407 causam
381 1344 512 1407 desidiae
533 1346 699 1426 praesentis
722 1356 879 1419 excutere,
908 1365 976 1408 cum
998 1347 1215 1427 pulcherrimae
1238 1354 1317 1407 artes

238 1430 402 1513 perissent,
423 1429 502 1492 inter
518 1450 591 1511 quas
605 1432 722 1513 pictura
739 1450 777 1493 ne
792 1432 949 1493 minimum
966 1432 1083 1512 quidem
1099 1432 1146 1495 sui
1160 1432 1315 1511 vestigium

205 1516 419 1596 ureliquisset.
463 1526 526 1577 tum
549 1517 598 1579 ille
621 1517 785 1598 ‘pecuniae'
808 1518 909 1598 inquit
930 1518 1086 1598 ‘cupiditas
1109 1519 1181 1579 haec
1202 1518 1315 1597 tropica
1337 1530 1352 1580 2

205 1601 379 1669 ‚oinstituit
408 1598 414 1683 Ι
445 1602 551 1683 priscis
581 1603 659 1664 enim
687 1603 890 1683 temporibus,
914 1621 982 1665 cum
1005 1604 1101 1665 adhuc
1124 1603 1203 1664 nuda
1224 1604 1317 1664 virtus

237 1687 379 1767 placeret,
401 1687 541 1767 vigebant
563 1697 641 1750 artes
664 1689 812 1768 ingenuae
834 1707 1043 1769 summumque
1065 1699 1215 1750 certamen
1239 1690 1318 1751 inter

238 1772 375 1834 homines
390 1782 468 1846 erat,
492 1773 620 1852 nequid
641 1775 833 1854 profuturum
857 1775 982 1837 saeculis
1004 1775 1053 1836 diu
1069 1774 1181 1837 lateret.
1216 1775 1315 1854 itaque
1337 1789 1352 1837 3

238 1857 399 1919 herbarum
422 1859 557 1920 omnium
579 1877 667 1921 sucos
688 1860 875 1921 Democritus
898 1861 1057 1940 expressit,
1080 1870 1111 1922 et
1128 1880 1167 1921 ne
1187 1860 1316 1940 lapidum

205 1954 218 2003 5
237 1943 544 2025 virgultorumquevis
555 1945 669 2019 lateret,
680 1954 804 2007 aetatem
817 1946 897 2007 inter
908 1946 1110 2026 experimenta
1123 1946 1317 2025 consumpsit

237 2028 379 2091 lludoxos
396 2024 540 2115 [quidem]
557 2030 589 2092 in
602 2031 757 2092 cacumine
769 2031 958 2093 excelsissimi
974 2034 1085 2093 montis
1101 2032 1268 2107 consenuit,
1284 2040 1316 2091 ut
1337 2041 1352 2089 4

237 2123 386 2177 astrorum
409 2116 542 2196 caelique
565 2126 664 2178 motus
687 2116 939 2197 deprehenderet,
962 2127 992 2178 et
1007 2117 1204 2198 Chrysippus,
1227 2128 1261 2178 ut
1281 2116 1315 2176 ad

236 2200 440 2263 inventionem
455 2202 618 2276 sufficeret,
641 2210 688 2263 ter
708 2201 839 2263 elleboro
858 2204 989 2264 animum
1005 2204 1136 2265 detersit.
1166 2221 1269 2263 verum
1283 2213 1317 2263 ut
1337 2211 1352 2260 5

237 2286 271 2346 ad
285 2286 399 2367 plastas
414 2296 582 2363 convertar,
599 2287 761 2368 Lysippum
777 2297 891 2350 statuae
905 2290 997 2350 unius
1011 2288 1199 2350 lineamentis
1213 2287 1316 2349 inhae-

205 2380 218 2430 t
238 2380 356 2433 rentem
378 2372 479 2452 inopia
495 2373 633 2447 extinxit,
656 2382 687 2434 et
700 2373 821 2454 Myron,
845 2374 896 2454 qui
918 2393 1014 2453 paene
1034 2375 1147 2435 animas
1162 2374 1315 2435 hominum

236 2457 428 2536 terarumque
443 2476 511 2519 aere
527 2460 804 2539 comprehenderat,
821 2478 882 2521 non
900 2460 1013 2521 invenit
1028 2459 1178 2521 heredem.
1215 2469 1245 2521 at
1260 2478 1316 2520 nos
1336 2468 1351 2516 o

235 2542 306 2604 vino
324 2543 494 2624 scortisque
515 2543 642 2606 demersi
665 2563 704 2605 ne
725 2554 842 2625 paratas
865 2546 984 2625 quidem
1007 2554 1086 2607 artes
1107 2548 1250 2607 audemus
1265 2563 1316 2605 co-

236 2646 398 2708 gnoscere,
419 2629 471 2691 sed
490 2638 679 2692 accusatores
697 2630 882 2710 antiquitatis
898 2631 963 2692 vitia
985 2639 1100 2692 tantum
1122 2630 1264 2692 docemus
1287 2637 1317 2689 et

236 2714 388 2776 discimus.
425 2713 477 2775 ubi
500 2722 546 2778 est
565 2713 739 2777 dialectica?
773 2716 823 2778 ubi
845 2713 1049 2778 astronomia?
1081 2716 1132 2777 ubi
1152 2715 1350 2795 sapientiaet

205 2808 218 2858 t
237 2799 399 2862 cultissima
414 2797 482 2861 via?
509 2802 576 2880 quis
598 2820 731 2881 unquam
748 2802 829 2862 venit
849 2801 881 2862 in
903 2803 1048 2882 templum
1070 2811 1101 2863 et
1113 2810 1214 2863 votum
1237 2801 1316 2874 lecit,

237 2885 262 2946 si
277 2883 315 2946 ad
330 2885 531 2965 eloquentiam
550 2885 756 2967 pervenisset?
779 2887 861 2966 quis,
881 2887 906 2949 si
921 2887 1126 2968 philosophiae
1141 2888 1257 2949 fontem
1272 2896 1316 2947 at·

238 2968 375 3050 tigissetl
402 2988 436 3032 ac
452 2990 490 3033 ne
506 2970 616 3033 bonam
632 2973 751 3052 quidem
774 2982 906 3034 mentem
927 2982 979 3035 aut
1000 2972 1109 3035 bonam
1124 2972 1315 3035 valitudinem
1337 2978 1352 3029 8

238 3065 358 3136 petunt,
380 3056 432 3118 sed
453 3056 550 3119 statim
572 3067 732 3137 antequam
754 3057 845 3119 limen
863 3058 999 3138 Capitolii
1014 3067 1153 3138 tangant,
1176 3059 1250 3120 alius
1265 3058 1316 3118 do·

238 3160 311 3203 num
325 3141 483 3222 promittit,
499 3142 524 3203 si
538 3143 743 3224 propinquum
759 3144 878 3205 divitem
894 3144 1041 3218 extulerit,
1057 3146 1141 3218 alius,
1156 3145 1181 3205 si
1196 3145 1315 3206 thesau-

205 3235 218 3285 t
235 3243 303 3289 rum
318 3226 465 3303 effoderit,
481 3227 565 3304 alius,
581 3229 607 3291 si
621 3230 657 3290 ad
672 3230 833 3292 trecenties
844 3230 1013 3291 sestertium
1025 3230 1122 3291 salvus
1134 3230 1315 3310 pervenerit.

237 3312 300 3392 ipse
314 3320 452 3388 senatus,
473 3314 547 3376 recti
564 3314 696 3393 bonique
718 3323 904 3395 praeceptor,
927 3316 1006 3376 mille
1026 3316 1128 3396 pondo
1147 3316 1212 3376 auri
1228 3316 1314 3395 Capi·
1336 3322 1351 3370 o

236 3398 309 3459 tolio
330 3398 507 3479 promittere
524 3400 613 3474 solet,
635 3411 666 3461 et
688 3419 727 3461 ne
750 3401 817 3479 quis
836 3399 953 3462 dubitet
972 3401 1131 3481 pecuniam
1154 3402 1313 3480 concupis·

238 3501 321 3560 cere,
344 3482 442 3545 lovem
465 3501 585 3565 quoque
603 3485 721 3565 peculio
737 3494 871 3547 exornat.
901 3487 964 3547 noli
986 3506 1057 3566 ergo
1074 3487 1186 3560 mirari,
1209 3487 1234 3548 si
1251 3487 1313 3565 pic·
1336 3493 1364 3543 to

238 3577 304 3631 tura
318 3568 437 3646 deiecit,
453 3587 521 3630 cum
537 3572 677 3633 omnihus
692 3571 746 3633 diis
760 3572 992 3651 hominibusque
1008 3572 1168 3633 formosior
1182 3572 1314 3633 videatur

205 3664 332 3717 amessa
354 3654 436 3729 auri,
466 3673 555 3735 mam
583 3656 724 3736 quicquid
747 3657 865 3738 Apelles
886 3657 1080 3737 Phidiasque,
1105 3658 1242 3719 Graeculi
1264 3656 1315 3716 de-

238 3739 374 3815 lirantes,
396 3741 544 3804 lecerunt.
579 3742 631 3805 sed
655 3742 739 3804 video
762 3752 792 3804 te
815 3751 911 3805 totum
934 3744 965 3805 in
988 3743 1036 3804 illa
1058 3744 1182 3804 haerere
1203 3742 1311 3814 tabula,
1328 3740 1371 3809 89

239 3844 312 3905 quae
335 3825 444 3888 Troiae
466 3828 582 3889 halosin
607 3827 746 3891 ostendit.
791 3829 891 3910 itaque
914 3828 1048 3891 conabor
1077 3848 1153 3909 opus
1182 3828 1315 3890 versibus

238 3911 384 3990 pandere:

325 4068 356 4119 13
374 4066 465 4133 itaque
482 4064 585 4118 hercula
604 4064 740 4117 herbarum
760 4064 788 4116 0.
811 4062 930 4125 fortasse
951 4065 1114 4118 herbularum
1132 4065 1142 4133 ΙΙ
1164 4067 1194 4117 16
1212 4063 1315 4130 quidem

239 4146 288 4187 om.
305 4133 454 4200 florilegio,
472 4148 577 4201 quoque
594 4136 669 4185 aetus
686 4133 864 4201 emendatos-l
879 4135 1135 4200 19111111110121
1150 4132 1316 4201 comprehen-

240 4198 277 4253 dit
295 4201 339 4270 ΟΙ
351 4204 386 4255 25
404 4201 596 4255 consultissima
608 4202 674 4253 libri
681 4207 793 4267 practer
804 4204 959 4253 Ρανίείηαηι
971 4205 1036 4256 6842
1048 4204 1074 4253 D
1089 4203 1094 4270 1
1110 4204 1212 4271 inquam
1233 4202 1316 4268 pleri·

241 4283 290 4334 qua
307 4270 382 4337 uest,
398 4269 496 4324 dodum
512 4270 671 4338 dorihgtall
685 4274 718 4325 33
737 4275 827 4323 exorat
