3417 4934
377 1663 493 1729 Tacitus
504 1666 656 1729 nacoliam
666 1664 737 1728 XVI
744 1661 795 1729 17:
806 1684 885 1729 cano
895 1664 1060 1729 dirutione
1071 1661 1115 1729 66
1126 1667 1231 1729 eodem
1243 1666 1364 1747 agmine

243 1752 245 1757 '
281 1751 427 1814 Annaeus
439 1752 524 1835 llela,
540 1750 661 1814 Cerialis
672 1751 803 1824 Anicius,
815 1751 920 1814 Rufius
932 1751 1087 1833 Crispinus
1098 1770 1132 1814 ac
1144 1753 1303 1815 Petronius
1314 1771 1364 1815 ee·

283 1837 396 1900 cidere.
427 1848 491 1901 tum
506 1841 539 1900 ia
554 1841 644 1919 cupite
660 1833 716 1900 18:
733 1836 769 1899 de
785 1837 816 1900 C.
833 1836 974 1900 Petronio
989 1856 1082 1918 pauca
1097 1857 1188 1919 supra
1202 1838 1364 1919 repetenda

281 1931 367 1985 sunt.
390 1942 458 1984 nam
468 1923 509 1985 illi
522 1922 584 1985 dies
594 1942 649 2005 per
659 1941 809 1998 somnum,
825 1942 886 1985 nor
897 1922 1003 1985 officiis
1014 1932 1044 1985 et
1055 1923 1281 1986 oblectamentis
1289 1924 1364 1987 ritae

281 2008 506 2088 transigebatur
512 2027 522 2084 ς
544 2016 636 2088 utque
659 2009 732 2071 alios
747 2009 901 2082 industria,
924 2009 963 2071 ita
979 2009 1061 2071 bunc
1076 2009 1191 2089 ignavia
1206 2008 1241 2071 ad
1257 2011 1365 2071 famam

283 2094 460 2175 protulerat,
483 2092 708 2174 habebaturque
731 2114 793 2156 non
815 2113 912 2175 ganeo
935 2103 966 2157 et
986 2095 1160 2176 profligator
1175 2103 1207 2158 ut
1229 2095 1365 2175 plerique

282 2198 338 2243 sua
354 2179 564 2254 haurientium,
580 2180 631 2242 sed
647 2181 763 2243 erudito
778 2180 860 2243 luxu.
882 2200 918 2243 ac
933 2180 1009 2242 dicta
1024 2182 1161 2261 factaque
1175 2181 1240 2243 eius
1251 2190 1363 2261 quanto

282 2265 427 2328 solutiora
439 2275 470 2328 et
484 2265 633 2347 quandam
646 2266 692 2329 sui
703 2266 922 2346 neglegentiam
934 2267 1143 2347 praeferentia,
1157 2274 1242 2329 tanto
1253 2267 1365 2346 gratius

284 2352 315 2414 in
339 2352 472 2432 speciem
490 2350 687 2431 simplicitatis
702 2352 936 2433 accipiebantur.
969 2352 1132 2432 proconsul
1146 2361 1246 2414 tamen
1262 2352 1364 2433 Bithy·

283 2438 353 2499 niae
369 2444 400 2499 et
413 2455 482 2499 mox
497 2436 603 2500 consul
618 2438 767 2516 vigentem
782 2456 815 2499 se
829 2456 865 2500 ac
880 2456 981 2518 parem
998 2438 1126 2516 negotiis
1137 2437 1278 2500 ostendit.
1294 2437 1363 2500 dein

237 2518 240 2524 ’
281 2522 438 2585 revolutus
461 2522 496 2585 ad
510 2523 577 2585 vitia
600 2541 654 2585 seu
669 2523 807 2584 vitiorum
822 2523 987 2585 imitatione
1009 2523 1089 2585 inter
1111 2541 1223 2603 paucos
1245 2523 1364 2584 familia-

281 2609 363 2671 rium
375 2608 488 2670 Neroni
503 2607 677 2689 adsumptus
692 2616 746 2691 est,
768 2608 932 2688 elegantiae
947 2607 1068 2683 arbiter,
1091 2609 1161 2671 dum
1177 2608 1251 2670 nibil
1266 2627 1363 2671 amoe-

281 2712 357 2756 num
381 2701 411 2756 et
433 2693 522 2756 molle
544 2694 696 2756 affluentia
710 2701 805 2775 putat,
829 2693 887 2757 nisi
903 2692 982 2775 quod
998 2694 1025 2755 ei
1041 2693 1199 2757 Petronius
1213 2693 1363 2774 approba·

279 2780 383 2842 risset.
406 2778 486 2843 unds
501 2778 610 2842 invidia
626 2779 764 2861 Tigellini
779 2780 864 2859 quasi
879 2780 1019 2842 adversus
1034 2778 1182 2843 aemulum
1198 2790 1228 2842 et
1238 2778 1362 2842 scientia

279 2866 469 2945 voluptatum
484 2865 642 2946 potiorem.
680 2884 752 2946 ergo
775 2866 978 2929 crudelitatem
998 2865 1153 2947 principis,
1176 2866 1224 2928 eui
1246 2873 1362 2927 ceterae

278 2951 422 3014 libidines
436 2950 593 3034 cedebant,
605 2951 776 3032 aggreditur
791 2952 947 3013 amicitiam
960 2951 1096 3014 Scaevini
1106 2950 1248 3014 Petronio
1261 2950 1361 3012 obiec-

279 3046 350 3099 tans
361 3045 504 3117 corrupto
516 3037 553 3100 ad
565 3038 706 3100 indicium
719 3055 804 3100 servo
817 3038 1014 3120 ademptaque
1026 3036 1200 3100 defensione
1209 3044 1239 3099 et
1251 3036 1362 3099 maiore

279 3130 367 3204 parte
382 3122 509 3186 familiae
524 3123 556 3184 in
571 3123 666 3186 vincla
682 3133 776 3203 rapta.
814 3123 891 3185 forte
913 3122 971 3185 illis
986 3122 1091 3184 diebus
1106 3121 1295 3203 Campaniam
1310 3142 1363 3203 pe·

279 3208 390 3270 tiverat
403 3207 520 3284 Caesar,
536 3217 567 3271 et
581 3208 687 3273 Cumas
701 3227 797 3289 usque
813 3227 990 3290 progressus
1005 3208 1163 3271 Petronius
1177 3208 1238 3269 illic
1252 3208 1361 3271 attine-

279 3293 381 3356 batur.
426 3313 483 3356 nec
506 3295 573 3357 tulit
594 3295 671 3358 ultra
692 3294 809 3357 timoris
830 3303 882 3357 aut
903 3294 966 3375 spei
990 3312 1098 3356 moras.
1140 3312 1238 3374 neque
1260 3302 1360 3357 tamen

279 3396 428 3462 praeceps
449 3380 538 3442 vitam
561 3381 673 3461 expulit
695 3380 748 3442 sed
766 3380 876 3443 incisas
890 3398 989 3454 venas,
1011 3387 1045 3442 ut
1066 3378 1193 3455 libitum,
1216 3378 1361 3461 obligatas

280 3464 400 3545 aperire
415 3483 535 3528 rursum
551 3475 581 3529 et
597 3467 706 3546 alloqui
723 3466 845 3541 amicos,
869 3484 931 3527 non
947 3483 1002 3547 per
1017 3465 1093 3527 seria
1108 3473 1159 3528 aut
1173 3465 1281 3545 quibus
1295 3465 1360 3545 glo·

280 3551 355 3612 riam
369 3552 555 3615 constantiae
567 3560 692 3633 peteret.
714 3552 911 3632 audiebatque
923 3552 1089 3614 referentes
1101 3550 1175 3613 nibil
1186 3550 1223 3613 de
1238 3551 1360 3613 immor-

281 3637 394 3699 talitate
417 3637 508 3699 animi
524 3646 555 3700 et
568 3638 747 3719 sapientium
762 3638 887 3719 placitis,
910 3637 963 3700 sed
978 3636 1052 3698 levia
1068 3636 1199 3699 carmina
1216 3645 1246 3699 ct
1258 3636 1360 3700 faciles

280 3741 394 3785 versus.
432 3741 586 3785 servorum
608 3724 682 3787 alios
703 3723 870 3803 largitione,
893 3724 1036 3804 quosdam
1058 3722 1232 3785 verberibus
1252 3722 1359 3784 affecit.

281 3808 348 3870 iniit
363 3809 474 3889 epulas,
490 3829 597 3872 somno
612 3809 744 3886 indulsit,
766 3818 800 3872 ut
814 3827 986 3890 quanquam
1000 3817 1101 3872 coacta
1117 3827 1198 3871 mors
1218 3808 1358 3870 fortuitae

282 3894 385 3957 similis
407 3903 495 3957 esset.
533 3915 571 3958 ne
587 3894 730 3958 codicillis
745 3895 875 3977 quidem,
899 3894 980 3976 quod
1002 3894 1137 3976 plerique
1158 3894 1359 3974 pereuntium,

282 3980 433 4043 Neronem
442 3989 495 4043 aut
505 3981 683 4063 Tigellinum
696 3989 747 4044 aut
762 4000 852 4061 quem
867 3980 957 4043 alium
971 3981 1138 4062 potentium
1154 3978 1289 4056 adulatus
1304 3989 1358 4054 est,

284 4066 335 4127 sed
357 4066 465 4147 flagitia
487 4068 632 4150 principis
653 4066 710 4132 sub
733 4066 907 4130 nominibus
920 4068 1105 4130 exoletorum
1119 4064 1359 4145 feminarumque

286 4159 313 4212 et
334 4152 492 4215 novitatem
515 4153 659 4237 cuiusque
681 4153 777 4236 stupri
799 4152 973 4235 perscripsit
994 4161 1083 4232 atque
1105 4150 1258 4232 obsignata
1279 4152 1359 4214 misit

1176 4249 1209 4305 qis
