3417 4934
716 450 926 507 saltuum
1308 452 1369 514 121

284 636 361 694 ciem
377 629 538 711 Eumolpus
552 630 724 710 obiurpatur
737 629 774 692 ab
790 629 937 711 Encolpio,
953 630 1145 709 besmbiturn
1157 627 1269 699 Gitone,
1285 632 1368 691 cuius

280 725 369 799 pocta
390 733 520 777 amorem
546 715 693 793 consessus
710 715 797 793 [oras
816 714 985 795 appellitur,
1008 719 1109 776 sciens
1128 723 1226 774 autem
1245 713 1367 776 includit

282 800 457 881 Encolpion,
475 803 556 881 puio
567 804 672 861 mortis
685 803 857 879 capitatione
871 819 905 862 ac
918 801 1070 880 suspendio
1084 808 1239 861 revocatur
1255 797 1368 861 Gitonis

284 885 447 949 blanditiis.
483 887 526 950 95
545 886 587 949 00
610 888 819 948 interveniente
841 885 1015 948 deunsitore
1035 889 1108 946 roua
1129 888 1236 957 oritur,
1256 888 1290 946 in
1310 904 1368 966 cua

281 983 369 1053 pocta
389 989 457 1034 cum
473 971 507 1033 cla
527 969 598 1033 cello
619 989 648 1031 sc
665 973 867 1052 proripuisset,
888 974 1061 1043 inspectante
1079 969 1214 1049 Encolpio
1239 970 1368 1050 oapulct,
1468 1014 1481 1020 .,
1495 1007 1510 1018 .,

283 1058 373 1118 donec
392 1067 570 1137 proncrator
597 1056 710 1117 insulae
731 1074 814 1136 opem
836 1059 866 1118 ei
886 1056 992 1135 adsert-
1022 1056 1150 1122 07-99
1173 1055 1300 1135 Ascyltos
1313 1057 1368 1117 arl-

283 1146 363 1203 oenit
378 1159 443 1203 nom
456 1158 598 1222 praecone
613 1159 752 1223 quaercm
770 1138 887 1214 Gitona,
902 1144 955 1222 qui
965 1142 1050 1220 infra
1063 1139 1217 1220 probatum
1236 1150 1369 1203 ostentus

282 1235 446 1290 scutomn
465 1226 566 1300 cludit,
587 1226 763 1306 Eumolpum
786 1236 883 1288 autem
900 1230 991 1306 pueri
1005 1226 1201 1306 probitionem
1222 1229 1368 1287 minatum

282 1311 374 1375 Giton
384 1311 501 1384 osculis,
513 1311 642 1374 morinis
652 1311 811 1392 Encolpius
827 1311 983 1383 belenium,
997 1310 1182 1372 rmonciliota
1195 1314 1294 1389 pratia
1306 1310 1368 1371 En·

282 1396 396 1479 colpius
411 1416 478 1459 cum
490 1415 583 1477 puero
599 1406 626 1459 ct
637 1407 721 1478 poeta
736 1398 899 1460 conscendit
912 1400 945 1457 in
959 1415 1071 1458 naoenn

371 1483 542 1547 100-103
567 1486 743 1563 requiescens
765 1486 798 1543 in
819 1500 895 1544 nam
920 1481 1076 1562 Encolpius
1104 1480 1237 1543 incidisse
1264 1500 1294 1542 sc
1322 1484 1369 1542 in·

281 1568 391 1648 tcllepit
405 1572 560 1630 incuteres
581 1570 723 1645 inimicos,
745 1565 864 1629 liobam
885 1571 999 1647 nosipii
1016 1568 1166 1629 bominum
1180 1577 1207 1628 et
1226 1563 1369 1646 Trypboc-

281 1672 363 1725 nam,
387 1656 485 1734 itaque
507 1651 732 1715 deliberantibus
751 1671 806 1734 quo
830 1653 915 1715 morlo
935 1652 1101 1733 periculum
1126 1652 1283 1733 effupiont,
1302 1651 1369 1713 boec

278 1738 375 1819 placet
393 1738 516 1817 fallacia
530 1750 564 1801 ut
579 1738 741 1818 Eumolpus
760 1738 922 1819 Encolpion
942 1747 968 1799 et
989 1735 1097 1800 Gitona
1116 1748 1254 1817 tammam
1273 1755 1370 1798 servos

281 1824 428 1905 supitioos
446 1823 550 1886 babeat
571 1828 647 1885 rasis
661 1822 803 1905 capitibus
818 1833 846 1884 et
860 1822 1009 1902 frontibus
1028 1826 1183 1906 inscriptis.
1229 1824 1369 1887 104105

281 1908 430 1972 admoniti
442 1912 556 1971 sommo
571 1919 597 1970 et
608 1927 676 1971 ooce
688 1912 820 1982 semoris,
835 1912 888 1990 pui
900 1910 1041 1990 depositos
1056 1914 1088 1971 in
1099 1928 1174 1970 naoe
1188 1908 1305 1987 capillos
1316 1926 1370 1970 cu-

280 2006 414 2076 paosrat,
433 1993 536 2057 Licbos
551 2003 578 2055 ct
596 1992 765 2075 Eoppbaeria
777 1993 916 2075 probrobi
934 1999 1042 2057 nom'os
1056 2014 1091 2057 ac
1102 1994 1252 2055 verberari
1271 1994 1370 2055 iubent

281 2090 498 2161 apnoscuntpue
523 2077 692 2160 Trppbacna
716 2078 833 2154 Gitona,
856 2078 956 2142 Licbos
984 2079 1154 2161 Encolpion.
1201 2081 1369 2144 106-108

282 2164 460 2247 supplicium
475 2184 542 2227 nrm
552 2168 686 2245 primum
697 2166 897 2228 misericordia
912 2163 1104 2247 Tryphaenae,
1120 2166 1221 2227 lunis
1233 2162 1372 2245 Eumolpi

278 2249 683 2333 patrociniuminurpsliore
697 2260 869 2330 temptasset,
884 2255 917 2312 oi
926 2270 1031 2312 monus
1047 2255 1209 2313 conseritur
1223 2270 1256 2313 ac
1267 2269 1370 2333 pupno

279 2337 521 2418 permundans
533 2335 710 2415 pubemator
725 2335 832 2398 obtinet
846 2346 881 2397 ut
895 2337 1026 2398 s'nlutiae
1039 2338 1124 2418 fiant.
1157 2339 1218 2402 109
1232 2340 1293 2400 110
1303 2338 1369 2415 foc-

281 2422 351 2484 rlcra
366 2431 594 2502 componuntur,
616 2420 708 2502 epulis
721 2424 846 2503 uinoque
867 2422 1040 2484 conciliatur
1059 2425 1156 2501 pratia
1178 2430 1204 2482 et
1225 2421 1369 2492 bilaritas,

280 2505 443 2587 Eumolpus
462 2524 563 2568 uersus
577 2506 646 2567 dicit
660 2509 693 2568 in
704 2505 809 2577 calcos,
834 2507 937 2588 quibus
950 2511 1115 2569 restituitur
1135 2508 1218 2569 decor
1232 2526 1303 2568 suus
1315 2525 1369 2586 per

281 2591 442 2671 carymbin.
474 2593 646 2656 110—112
656 2591 825 2655 muliebrem
841 2592 986 2655 levitatem
993 2596 1194 2674 perstrinpens
1207 2590 1369 2672 Eumolpus

280 2676 416 2755 fabulam
435 2687 542 2739 narrot
561 2675 595 2739 cle
609 2686 744 2740 matrona
766 2676 899 2758 presio.
930 2678 1100 2742 113-115
1121 2681 1190 2740 bum
1210 2681 1368 2740 convivan-

280 2765 489 2843 turcariispuc
507 2765 620 2825 amoris
633 2773 789 2825 moventur
801 2763 961 2845 affeuibus,
975 2767 1068 2825 moris
1078 2773 1229 2843 tempestas
1245 2764 1369 2843 inponit,

280 2851 398 2927 purpitc
418 2844 521 2909 Licbas
541 2848 690 2920 bauritur,
713 2846 884 2928 Eoypltaena
903 2851 1065 2928 imponitur
1082 2848 1210 2929 scapboe,
1235 2846 1323 2910 Giton
1342 2858 1369 2909 ct

280 2932 438 3014 Encolpius
458 2933 639 2996 cobaertntes
659 2932 797 3014 amplum
817 2953 847 2996 se
861 2933 998 3013 [luctibus
1018 2935 1148 3007 trallunt,
1168 2944 1196 2997 et
1209 2934 1242 2996 bi
1255 2935 1369 3015 pridem

281 3018 444 3081 incolumes
457 3019 584 3082 molunt
598 3018 829 3100 Eumolpumpue
843 3022 876 3080 in
891 3029 999 3081 terrum
1015 3020 1135 3082 trabunt
1149 3029 1234 3101 atquc
1248 3022 1368 3082 nectum

282 3107 315 3165 in
330 3102 400 3166 litus
414 3102 518 3167 Licbae
532 3122 640 3185 corpus
650 3108 783 3167 miserati
795 3105 952 3184 fortunam
965 3115 1151 3186 componunt.

374 3191 437 3254 116
454 3192 515 3254 117
531 3207 597 3252 oum
616 3188 742 3252 Crotona
760 3208 852 3270 prope
866 3190 1004 3252 vidissent
1017 3191 1117 3252 urbem
1132 3190 1302 3272 inadipatis
1316 3209 1368 3272 ap-

281 3287 351 3345 tam,
366 3275 407 3337 ab
419 3273 472 3339 boc
485 3292 576 3354 penus
597 3286 730 3357 quaestus
747 3293 778 3336 se
796 3275 986 3338 subornantcs
1012 3275 1189 3357 Eumolpum
1217 3278 1368 3339 dominum

281 3362 399 3439 faciunt
413 3363 464 3422 cui
476 3363 535 3441 ipsi
545 3369 678 3440 pareant,
699 3364 920 3423 marcennarius
941 3370 1037 3422 autem
1052 3381 1137 3424 mom
1159 3365 1261 3424 asserit
1280 3361 1368 3424 liber·

282 3456 380 3509 tatem
413 3446 582 3510 118-124
595 3445 756 3526 Eumolpus
770 3449 912 3508 tractanti
924 3446 1078 3509 bistoriam
1090 3457 1190 3529 poetae
1201 3452 1369 3528 propositu-

282 3550 333 3594 rus
344 3530 513 3610 eucmplum
530 3549 647 3593 carmen
660 3532 763 3611 fundit
780 3531 927 3594 beroicum
942 3534 975 3593 dc
990 3532 1060 3593 bello
1075 3532 1165 3595 cicili.
1198 3534 1367 3597 1242-126

282 3621 397 3678 intrant
420 3615 556 3690 Oretana,
576 3616 644 3678 bene
657 3620 761 3679 sinunt
780 3616 918 3696 fallaciis,
940 3617 1096 3697 Encolpius
1110 3618 1156 3679 rel
1168 3619 1235 3699 ficto
1250 3621 1369 3679 nomine

284 3701 444 3783 Palpaenos
470 3701 645 3764 sollicitatur
682 3700 778 3765 Circes
808 3707 982 3783 procacitate
1006 3704 1135 3782 laninas
1161 3704 1367 3784 pulcerrsbnae.

285 3786 612 3867 127—13tttoupuoro
632 3806 686 3850 suo
705 3786 808 3850 Circen
823 3787 911 3850 laedit
925 3800 953 3851 ct
969 3789 1107 3869 epistulas
1129 3793 1306 3851 conviciosus
1319 3806 1366 3850 re·

282 3874 380 3936 scribit
394 3872 486 3936 verba
500 3876 677 3935 ammonia.
709 3878 765 3940 131
786 3875 848 3939 132
859 3878 966 3937 iterum
977 3875 1150 3954 perducitur
1157 3874 1196 3935 acl
1210 3874 1365 3952 dominam,

283 3962 389 4021 imum
413 3958 551 4039 lclinpuit
576 3959 708 4039 lomim
730 3959 855 4022 dolorem
877 3978 963 4021 suum
986 3958 1191 4022 declamatione
1217 3971 1366 4021 coonerat.

285 4046 456 4109 133-136
471 4044 629 4106 medicinae
643 4062 731 4107 causa
746 4043 851 4125 Priapi
858 4045 997 4125 templum
1011 4044 1164 4123 obpressus
1173 4045 1209 4107 ab
1221 4042 1367 4106 Ocnotbca

283 4130 429 4192 muricis
450 4132 552 4210 incipit
573 4134 677 4193 ncrari
696 4134 729 4193 in
750 4129 862 4191 ulula.
907 4131 1074 4195 oss-139
1104 4149 1220 4192 mentm
1234 4148 1366 4193 annuns

285 4213 390 4297 Priapi
404 4215 506 4278 oociclit
516 4232 698 4297 mersamque
713 4214 770 4278 luit
785 4234 861 4278 auro
875 4224 903 4278 ct
916 4218 1078 4279 mirationis
1091 4215 1237 4279 molestias
1256 4219 1368 4280 estam
