3417 4934
662 378 817 434 sarvam

285 551 331 613 hio
346 552 397 614 dat
410 550 474 613 vela
489 550 803 632 fugaeb'ortuuaeque
818 555 919 617 omnia
933 556 1037 618 credit.

284 637 359 716 quid
369 646 431 698 tam
445 654 534 717 parra
550 634 683 715 queror?
696 639 816 717 gemino
832 658 901 701 cum
916 642 1041 704 consule
1057 643 1191 721 Magnus,

282 721 330 784 ille
346 731 461 783 tremor
475 721 562 802 ponti
577 722 714 801 saevique
729 733 868 805 repertor
884 725 1030 806 Hydaspis
1048 793 1050 799 ,

281 815 312 869 et
326 808 491 887 piratarum
506 807 658 886 scopulus,
673 808 763 870 modo
778 828 869 889 quem
884 818 931 871 ter
946 821 1083 878 ovantem
1191 827 1236 877 tto

280 892 419 973 luppiter
432 894 599 966 horruerat,
616 910 704 970 quem
719 895 813 955 fracto
828 895 946 975 gurgite
961 896 1077 960 Pontus

281 987 312 1039 et
326 985 487 1040 veneratus
502 985 567 1039 erat
579 977 725 1040 submissa
741 980 892 1059 Bosporos
908 981 996 1055 unda,

278 1082 337 1142 pro
354 1063 462 1144 pudor,
477 1062 595 1143 imperii
610 1062 727 1125 deserto
744 1066 866 1127 nomino
882 1066 966 1146 fugit

279 1157 315 1209 ut
331 1148 464 1210 Fortuna
479 1148 550 1209 levis
565 1147 665 1227 Magni
680 1167 801 1229 quoque
816 1159 899 1230 terga
914 1152 1035 1215 videret

325 1252 399 1314 ergo
414 1242 497 1294 tanta
511 1233 574 1294 lues
589 1232 688 1294 divum
703 1253 824 1314 quoque
839 1236 1056 1313 nominarint,
1189 1250 1233 1300 245
1283 1239 1347 1309 124

280 1318 496 1399 consensitque
510 1319 597 1397 fugae
612 1318 686 1380 caeli
701 1320 799 1382 timor.
830 1340 900 1383 eece
914 1340 970 1401 per
985 1324 1089 1386 orbem

279 1404 362 1465 mitis
377 1403 465 1465 turba
480 1404 569 1465 deum
583 1412 679 1466 terras
694 1423 783 1466 exosa
798 1406 934 1469 furentes

281 1489 393 1550 deserit
407 1499 496 1569 atque
511 1489 668 1551 hominum
683 1490 855 1552 damnatum
870 1493 1012 1554 avertitur
1027 1512 1144 1574 agmen.

283 1574 343 1635 Pax
358 1575 454 1654 prima
470 1583 539 1636 aute
553 1573 624 1635 alias
640 1574 743 1637 niveos
757 1576 873 1656 pulsata
889 1576 1016 1640 lacertos

283 1659 440 1722 abscondit
454 1659 535 1739 galea
547 1660 656 1720 victum
673 1669 763 1740 caput
772 1670 862 1741 atque
877 1662 981 1725 relicto
1191 1677 1236 1728 250

284 1744 357 1807 orbe
373 1745 463 1824 fugax
477 1745 553 1807 Ditis
566 1744 641 1824 petit
657 1745 841 1825 implacabile
857 1765 996 1826 regnum.

282 1829 352 1892 huic
367 1849 469 1892 comes
483 1832 508 1892 it
521 1829 667 1892 submissa
683 1831 771 1893 Fides
785 1842 816 1894 et
830 1833 915 1895 crine
930 1833 1028 1895 soluto

283 1916 394 1977 lustitia
410 1933 445 1977 ac
460 1934 598 1977 maerens
613 1916 709 1977 lacera
726 1915 892 1979 Concordia
908 1917 993 1998 palla.

283 2009 313 2061 at
326 2011 441 2075 contra,
457 2001 541 2063 sedes
556 1999 647 2062 Erebi
662 2020 718 2081 qua
734 2012 822 2083 rupta
838 2003 971 2077 dehiscit,

285 2087 407 2166 emergit
422 2087 479 2147 late
493 2086 569 2148 Ditis
584 2087 704 2162 chorus,
719 2087 839 2149 horrida
855 2088 965 2169 Erinys

285 2180 312 2232 et
326 2171 449 2232 Bellona
465 2172 564 2233 minax
579 2171 752 2251 facibusque
767 2182 877 2234 armata
890 2174 1023 2254 Megaera

284 2256 449 2336 Letumque
464 2256 652 2336 insidiaeque
667 2266 698 2319 et
712 2258 806 2319 lurida
819 2259 922 2320 Mortis
937 2260 1044 2338 imago.

287 2359 357 2420 quas
372 2341 572 2416 interimor,
588 2341 723 2422 abruptis
738 2362 793 2405 ceu
808 2344 885 2405 liber
898 2343 1034 2420 habenis,

285 2428 481 2506 sanguineum
495 2427 553 2488 iate
569 2427 645 2489 tollit
660 2438 750 2508 caput
764 2447 877 2509 oraque
893 2430 972 2491 mille

285 2511 457 2574 vulneribus
471 2513 609 2574 confossa
625 2522 749 2575 cruenta
765 2514 879 2576 casside
892 2515 985 2591 velat3

285 2596 384 2659 haeret
398 2597 524 2659 detritus
538 2597 636 2659 laevae
651 2597 811 2662 Mavortius
826 2599 918 2661 umbo

285 2682 551 2745 innumerabilibus
564 2682 632 2745 telis
646 2684 752 2762 gravis,
767 2693 857 2763 atque
871 2684 1007 2763 flagranti

285 2768 382 2849 stipite
398 2767 501 2830 dextra
516 2768 615 2829 minax
631 2770 719 2831 terris
733 2770 872 2831 incendia
887 2778 996 2850 portat.

324 2854 415 2915 sentit
430 2862 509 2915 terra
524 2854 597 2915 deos
611 2863 783 2934 mutataque
798 2853 895 2917 sidera
910 2855 1029 2935 pondus

285 2938 454 3017 quaesivere
469 2955 573 3012 suum3
589 2957 718 3020 namque
733 2941 832 3003 omnis
846 2941 928 3020 regia
943 2940 1017 3001 caeli

283 3024 312 3085 in
327 3032 427 3105 partes
440 3024 560 3086 diducta
574 3024 642 3086 ruit.
671 3026 864 3106 primumque
879 3026 974 3088 Dione

284 3108 416 3171 Caesaris
430 3118 494 3170 acta
509 3110 556 3171 sui
572 3109 662 3185 ducit,
679 3129 779 3174 comes
795 3111 914 3173 additur
928 3110 971 3172 ilii

284 3194 377 3256 Pallas
393 3203 423 3256 ot
437 3195 592 3274 ingentem
607 3197 746 3275 quatiens
759 3195 921 3258 Mavortius
934 3197 1059 3257 hastam.

283 3279 422 3360 Magnum
438 3299 507 3341 cum
522 3280 645 3341 Phoebo
660 3299 747 3343 soror
762 3292 793 3343 et
808 3281 939 3362 Cyllenia
955 3280 1056 3360 proles

284 3366 392 3446 excipit
406 3383 440 3426 ac
454 3365 526 3428 totis
539 3365 644 3428 similis
658 3365 832 3447 Tirynthius
845 3366 929 3427 actis.

324 3451 507 3512 intremuere
522 3450 612 3512 tubae
627 3469 661 3513 ac
676 3452 770 3515 scisso
786 3450 938 3514 Discordia
953 3450 1037 3512 crine

284 3535 387 3597 extulit
401 3536 437 3597 ad
452 3554 579 3617 superos
594 3536 729 3618 Stygium
745 3545 845 3617 caput.
874 3535 963 3597 huius
977 3535 1009 3596 in
1026 3552 1079 3595 ore

283 3630 442 3683 concretus
457 3621 588 3701 sanguis,
603 3631 789 3702 contusaque
803 3622 919 3684 lumina
933 3619 1058 3705 flebant,

283 3706 399 3767 stabant
413 3707 504 3767 aerati
519 3705 625 3769 scabra
639 3706 779 3787 rubigine
794 3707 909 3780 dentes,

283 3790 350 3853 tabo
365 3792 468 3873 lingua
482 3792 589 3865 fluens,
604 3791 725 3855 obsessa
741 3793 921 3855 draconibus
936 3810 999 3864 ora,
1188 3798 1236 3848 275

283 3884 369 3955 atque
383 3877 463 3938 inter
482 3884 563 3938 torto
578 3877 736 3939 laceratam
752 3888 874 3959 pectore
887 3887 997 3939 vestem

239 3978 438 4063 “marutu
456 4013 560 4063 aaaron·
571 4011 582 4077 q
594 4013 644 4064 245
662 4010 728 4063 vuit
748 4012 759 4078 q
777 4015 827 4066 nso
845 4009 914 4078 pauo
932 4010 1101 4063 Sauram
1113 3999 1124 4075 ι’
1136 4010 1185 4061 noa
1204 4021 1274 4059 arm·

239 4080 364 4138 rametam
380 4078 391 4146 Ι
409 4081 460 4132 269
477 4091 622 4147 magnaque
640 4079 720 4147 cumn
734 4083 781 4134 271
801 4096 832 4135 ae
859 4095 910 4133 om.
930 4078 1016 4131 oodooe
1033 4079 1175 4129 Parisinus
1190 4072 1276 4143 80491

239 4145 249 4196 b
266 4142 380 4206 fortasse
397 4145 485 4215 fletui
496 4150 549 4202 274
566 4147 624 4201 irati
