3417 4934
714 484 903 538 medurnae
1297 486 1357 546 199

279 658 412 736 denique
428 657 568 720 omnibus
582 658 645 721 suis
660 659 794 720 numeris
809 656 979 719 absolutum
995 669 1049 733 est,
1065 659 1089 720 si
1105 659 1174 721 belli
1189 660 1364 722 homunculi

281 742 410 805 conlecti
425 753 506 817 sunt,
529 743 554 805 si
578 743 691 805 electus
706 743 801 817 locus,
824 743 849 803 si
871 752 991 823 tempus
1013 744 1134 819 lectum,
1157 747 1181 807 si
1204 753 1363 825 apparatus
1418 799 1422 811 ,

280 847 344 889 non
360 828 524 909 neglectus.
555 848 613 891 nec
632 829 772 909 loquaces
794 838 892 889 autem
913 832 1009 910 inquit
1029 829 1167 891 convivas
1187 849 1244 892 nec
1265 842 1363 894 mutos
1377 843 1422 893 336

279 914 381 993 legere
397 923 527 993 oportet,
544 914 613 994 quia
629 914 800 994 eloquentia
816 915 846 975 in
864 915 931 975 foro
947 923 977 976 et
998 914 1077 995 apud
1099 915 1248 990 subsellia,
1271 916 1362 977 silen-

280 999 356 1059 tium
371 1017 441 1060 vcro
459 1019 519 1061 non
538 1000 569 1060 in
586 1000 721 1061 convivio
738 1000 790 1060 sed
806 999 836 1060 in
854 999 994 1061 cubiculo
1010 1019 1075 1062 esse
1094 1000 1192 1062 debet.
1221 1019 1364 1064 ammones
1376 1014 1420 1064 att

280 1088 373 1164 intur
387 1084 419 1145 id
433 1088 571 1166 temporis
584 1085 730 1147 bobendon
745 1096 837 1146 censet
852 1104 911 1147 non
928 1104 1014 1166 super
1028 1086 1113 1147 rebrn
1127 1090 1227 1148 onmie‘s
1240 1096 1293 1148 out
1305 1096 1366 1149 tor-

280 1173 371 1231 tuou's
386 1171 436 1232 sed
450 1171 593 1232 iucundos
608 1181 692 1252 atque
708 1170 876 1233 invitabiles
898 1182 923 1233 et
947 1190 1013 1233 cum
1027 1172 1152 1252 modom
1174 1170 1316 1233 inlecebra
1337 1185 1363 1235 et

280 1253 428 1334 uoluptate
449 1256 549 1328 utiles,
578 1274 616 1318 eu
639 1257 743 1338 quibus
765 1260 916 1335 inueniunt
938 1266 1070 1320 nostrum
1091 1260 1242 1319 venustius
1262 1256 1317 1336 fiat
1338 1269 1365 1320 et

281 1344 442 1402 amoenius.
474 1341 554 1421 quod
571 1343 708 1421 profecto
724 1346 819 1423 inquit
834 1341 960 1415 eveniet,
975 1343 1000 1403 si
1015 1341 1052 1402 de
1067 1342 1096 1403 id
1111 1362 1207 1423 genus
1222 1341 1313 1403 rebus
1327 1345 1364 1406 ad
1376 1354 1422 1405 338

282 1444 471 1487 communem
494 1426 570 1488 vitae
586 1445 673 1489 usum
688 1425 910 1507 pertinentibus
935 1426 1171 1500 confabulemur,
1194 1426 1231 1487 de
1257 1427 1366 1507 quibus

281 1511 311 1571 in
328 1511 395 1572 foro
411 1520 499 1592 atque
514 1512 544 1573 in
562 1513 690 1593 negotiis
703 1514 811 1593 agendi
827 1532 890 1573 non
906 1521 952 1574 est
967 1511 1070 1575 otium.
1096 1514 1251 1575 dominum
1265 1522 1364 1575 autem
1378 1524 1423 1575 333

280 1598 377 1677 inquit
392 1597 518 1658 convivii
534 1616 599 1660 esse
615 1607 736 1679 oportet
750 1618 813 1659 non
829 1606 889 1659 tam
904 1598 1016 1660 lautum
1033 1617 1121 1677 quam
1136 1599 1201 1660 sine
1216 1598 1364 1674 sordibus,

282 1690 312 1743 et
326 1681 358 1741 in
375 1683 511 1744 convivio
527 1683 585 1763 legi
601 1703 663 1745 non
688 1684 788 1745 omnia
804 1682 925 1758 debent,
948 1683 999 1745 sed
1023 1702 1057 1745 ea
1079 1684 1265 1764 potissimum
1287 1703 1364 1764 quae
1377 1695 1422 1747 343

281 1766 371 1829 simul
385 1767 446 1829 sint
463 1766 618 1856 βιωφελῆ
638 1776 668 1830 et
682 1768 842 1830 delectent.
879 1788 969 1851 neque
989 1788 1049 1831 non
1064 1771 1097 1831 de
1110 1769 1242 1831 secundis
1255 1788 1365 1850 quoque
1377 1780 1422 1832 341

282 1855 401 1924 mensis,
417 1858 502 1915 cuius
515 1856 598 1915 modi
613 1873 670 1915 esse
680 1873 727 1917 eos
738 1866 879 1935 oporteat,
888 1859 1038 1936 proecepit.
1059 1854 1105 1917 bis
1115 1857 1192 1916 enim
1203 1855 1366 1918 oerbisuu‘·

282 1948 346 1999 tur:
362 1937 482 1999 bellaria
495 1942 589 2020 inquit
604 1958 637 2001 ea
653 1940 781 2001 maxime
796 1948 869 2002 sunt
879 1940 990 2002 mellita
1000 1958 1077 2019 quae
1089 1940 1199 2002 mellita
1212 1958 1274 2001 non
1286 1950 1367 2016 sunt,

282 2028 464 2105 πέμμασιν
477 2025 556 2086 enim
569 2044 636 2087 cum
646 2026 889 2109 uemeesocietas
900 2026 1001 2089 infida.
1016 2027 1091 2107 quod
1101 2025 1194 2089 Varro
1204 2024 1302 2088 inloco
1315 2024 1368 2089 boc

282 2108 361 2171 dieu
379 2109 510 2185 bellaria,
526 2128 563 2172 ne
577 2116 641 2191 puis
656 2113 735 2190 forte
749 2114 782 2173 in
795 2115 852 2173 isto
864 2130 931 2173 once
944 2111 1070 2183 baereat,
1084 2111 1228 2192 sipne'ficot
1239 2113 1271 2173 id
1280 2130 1365 2173 ooco·

283 2192 387 2256 bulum
402 2214 489 2257 omne
502 2215 616 2258 meusne
636 2198 778 2259 secundae
791 2214 892 2276 penus,
913 2216 983 2257 nom
998 2217 1070 2278 quoe
1085 2203 1247 2279 πέμματα
1266 2195 1368 2259 Groeu

282 2288 335 2341 out
350 2284 549 2367 τραγήματα
566 2284 717 2352 dmuunt,
734 2300 768 2343 eo
782 2292 889 2344 veteres
902 2285 999 2344 nostri
1012 2281 1134 2344 bellorio
1148 2281 1367 2364 appellooemnt

787 2451 814 2513 n
830 2453 874 2530 (a)

393 2569 423 2630 in
442 2570 576 2631 convivio
600 2570 657 2652 legi
673 2590 731 2633 nec
747 2571 847 2632 omnia
869 2569 980 2632 debent
994 2578 1025 2631 et
1040 2588 1074 2631 ea
1088 2570 1274 2650 potissimum
1289 2589 1365 2649 quae
1379 2581 1424 2632 340

283 2654 374 2719 simul
395 2654 457 2716 sint
474 2655 629 2744 βιωφελῆ
650 2665 681 2717 et
703 2655 863 2730 delectent,
884 2657 985 2735 potius
1006 2662 1041 2717 ut
1054 2656 1083 2717 id
1099 2674 1220 2735 quoque
1234 2655 1368 2718 videatur

283 2760 347 2803 non
365 2738 494 2802 defuisse
510 2759 599 2820 quam
614 2741 799 2822 superfuisse
833 2785 835 2789 ι

742 2940 925 2996 octodests

663 3049 742 3115 περὶ
763 3043 994 3112 αομισμάτων

491 3276 653 3351 pbstquam
671 3269 754 3332 avida
769 3166 867 3329 liblbb)
876 3285 982 3347 rapere
997 3271 1032 3329 ac
1047 3268 1171 3331 caedere
1185 3267 1285 3347 coepit
1382 3280 1426 3331 342

490 3374 583 3435 seque
598 3356 718 3437 opificio
735 3373 796 3415 non
813 3351 949 3434 probiter
963 3351 1082 3432 clepere

784 3472 811 3534 ll
827 3474 873 3550 (3)

392 3577 423 3637 in
440 3594 500 3656 quo
514 3574 645 3638 nobilius
654 3584 700 3638 est
712 3575 899 3656 Philippeum
910 3574 989 3653 quod
1002 3572 1173 3658 accipimus,
1188 3591 1275 3654 qnam
1287 3573 1365 3653 quod
1380 3587 1424 3639 343

283 3660 424 3736 bibimus,
441 3679 509 3724 cum
526 3661 651 3723 alterum
667 3662 808 3723 addamus
823 3660 854 3722 in
870 3660 1000 3740 bulgum,
1015 3659 1142 3721 alterum
1158 3660 1189 3720 in
1205 3659 1330 3720 vesicam

394 3900 455 3942 non
473 3882 546 3943 haec
561 3899 610 3942 res
625 3880 662 3942 de
677 3779 895 3962 Venerbsspbbba
911 3880 1040 3944 strabam
1054 3879 1126 3941 lacit
1383 3899 1427 3951 etl

371 4068 422 4188 bbg
439 4064 548 4186 bbbbbb
563 4064 668 4189 ¹.²lb’1tt5
678 4130 794 4201 probiter
812 4136 881 4197 etp.
900 4135 934 4187 it)
958 4133 1060 4200 clepere
1075 4132 1080 4202 Ι
1095 4130 1253 4184 aconoedere
1271 4135 1320 4182 out
1337 4146 1369 4183 ac

277 4201 427 4257 concedere
474 4205 525 4257 343
571 4242 578 4256 .
595 4218 622 4269 p.
641 4204 675 4256 te
693 4199 772 4266 bnlga
786 4198 792 4270 Ι
807 4200 933 4255 abdemns
952 4198 1125 4266 demtum!
1143 4201 1195 4253 344
1211 4199 1369 4252 maanus

277 4272 317 4325 Vl
333 4285 363 4337 p.
382 4271 434 4325 239
478 4285 536 4324 arro
554 4270 586 4322 de
604 4268 768 4324 nomismatis
