3417 4934
712 471 868 527 SATVRAE

205 661 240 713 ’.0
406 664 533 726 aequum
548 655 593 708 est
606 646 732 709 induere
748 657 871 727 nuptam
885 656 1006 709 ventum
1022 648 1163 723 textilem,

404 733 499 813 palam
515 741 651 814 prostare
668 733 775 795 nudam
792 734 822 796 iu
841 732 948 795 nebula
964 733 1042 795 linea
1050 732 1085 794 l”

205 834 233 883 Η
330 812 1380 903 lquodantem’iuquit‘putamussecundumlitterasdilhcillimumhli

243 923 312 969 esse
327 902 510 968 artificium?
533 923 588 984 ego
605 914 678 985 puto
693 905 842 967 medicum
865 916 895 967 et
916 905 1163 968 nummularium:
1186 904 1329 978 medicus,
1350 913 1366 963 t

207 1000 224 1049 5
246 992 300 1071 qui
316 992 375 1055 scit
391 991 461 1071 quid
472 991 689 1053 homunciones
703 992 781 1053 intra
797 992 970 1072 praecordia
982 1011 1034 1053 sua
1046 992 1175 1053 habeant
1189 1001 1218 1052 et
1234 1009 1328 1070 quan·

246 1079 287 1140 do
310 1076 406 1139 lebris
421 1076 527 1151 veniat,
550 1077 638 1138 etiam
661 1078 686 1138 si
708 1076 775 1139 illos
797 1078 846 1139 odi
869 1078 1007 1157 pessime,
1030 1078 1109 1157 quod
1132 1077 1203 1138 mihi
1226 1076 1331 1137 iubent
1351 1083 1366 1132 3

247 1182 340 1245 saepe
362 1163 512 1224 anatinam
528 1162 642 1242 parari3
665 1163 892 1235 nummularius,
915 1164 966 1243 qul
980 1181 1036 1243 per
1050 1172 1206 1242 argentum
1222 1180 1273 1223 aes
1287 1162 1328 1223 ri·

248 1250 309 1311 det
344 1266 413 1309 nam
436 1259 535 1310 mutae
555 1247 668 1310 bestiae
690 1246 938 1311 laboriosissimae
960 1248 1050 1310 boves
1071 1257 1100 1310 et
1121 1266 1205 1309 oves:
1229 1246 1329 1319 boves,
1351 1254 1366 1303 4

216 1372 217 1375 =
250 1353 381 1415 quorum
397 1334 543 1395 beneflcio
557 1352 665 1414 panem
676 1334 908 1408 manducamus;
924 1354 1002 1406 oves,
1014 1334 1094 1414 quod
1109 1332 1176 1394 laua
1191 1332 1257 1394 illae
1274 1351 1330 1393 nos

205 1429 230 1480 lt
251 1421 401 1501 gloriosos
421 1420 544 1481 iaciunt.
578 1428 608 1480 el
629 1420 746 1481 lacinus
770 1419 943 1500 indignum,
970 1419 1075 1498 aliquis
1097 1419 1212 1480 ovillam
1235 1428 1281 1479 est
1302 1425 1368 1478 ett

250 1507 385 1568 tunicam
396 1504 495 1567 hahet.
518 1522 589 1584 apes
604 1504 684 1566 enim
701 1524 756 1584 ego
772 1505 886 1568 divinas
900 1505 1009 1567 bestias
1024 1514 1108 1584 puto,
1124 1523 1199 1585 quae
1215 1505 1271 1565 mel
1284 1523 1332 1564 ro
1352 1510 1368 1559 6

205 1609 239 1661 a
250 1602 349 1673 munt,
373 1590 460 1652 etiam
476 1590 501 1652 si
516 1589 657 1652 dicuntur
677 1589 748 1651 illud
771 1610 788 1651 a
803 1589 871 1651 love
887 1592 1009 1664 afferre3
1029 1590 1034 1672 Ι
1053 1592 1119 1652 ideo
1135 1601 1235 1651 autem
1250 1608 1329 1670 puu-

251 1686 338 1758 guut,
354 1675 424 1755 quia
441 1675 614 1755 ubicunque
629 1674 715 1737 dulce
732 1686 786 1750 est,
803 1677 844 1738 ibi
860 1686 890 1737 et
905 1677 1021 1738 acidum
1038 1676 1191 1738 invenies’.

212 1781 237 1832 ιι
336 1758 420 1844 liam
435 1760 522 1823 etiam
538 1761 733 1842 philosophos
752 1763 790 1823 de
811 1762 932 1841 negotio
948 1761 1103 1835 deiciebat,
1127 1781 1195 1824 cum
1211 1762 1330 1842 pittacia
1352 1770 1366 1819 t

205 1861 231 1912 to
251 1849 282 1910 in
298 1848 414 1929 scypho
430 1846 617 1908 circumferri
631 1858 808 1928 coeperunt,
828 1866 964 1927 puerque
978 1867 1069 1928 super
1083 1849 1141 1909 hoc
1155 1849 1271 1927 positus
1286 1848 1330 1908 ol·
1353 1854 1368 1904 8

250 1934 352 1995 licium
373 1933 556 2013 apophoreta
579 1932 719 1995 recitavit.
757 1938 925 2013 ‘argeutum
947 1933 1149 1996 sceleratum':
1180 1933 1264 1994 allata
1287 1944 1332 1995 cst

250 2038 355 2099 perna,
379 2036 573 2098 superquam
590 2019 741 2080 acetabula
765 2029 851 2080 erant
867 2020 972 2099 posita.
1004 2019 1163 2081 cervical:
1184 2020 1253 2081 oilla
1268 2020 1331 2081 col-

251 2106 322 2167 laris
336 2104 425 2166 allata
439 2112 494 2165 est.
527 2104 678 2183 ‘serisapia
701 2115 731 2165 et
746 2104 952 2166 contumelia’:
975 2106 1171 2186 aecrophagie
1185 2106 1265 2167 saele
1280 2105 1331 2166 da·

251 2201 298 2253 tae
318 2198 391 2252 sunt
410 2198 441 2249 et
459 2198 569 2251 contus
589 2207 657 2252 cum
677 2190 764 2251 malo.
803 2192 895 2270 ‘porri
916 2200 946 2252 el
964 2184 1108 2271 persica':
1131 2191 1279 2270 flagellum
1303 2200 1333 2251 et
1354 2202 1369 2251 9

205 2288 231 2339 to
251 2276 384 2339 cultrum
399 2275 527 2354 accepit;
550 2280 697 2356 ‘passeres
712 2285 742 2337 et
756 2275 963 2339 muscarium’:
986 2294 1071 2337 uvam
1091 2295 1207 2356 passam
1229 2275 1332 2339 etmel

252 2362 393 2423 Atticum.
428 2362 589 2423 ‘cenatoria
605 2371 635 2423 et
649 2361 807 2423 lorensia’t
830 2362 929 2423 offlam
946 2371 977 2423 ct
990 2362 1104 2424 tabulas
1120 2364 1243 2444 accepit
1272 2362 1331 2424 ‘ca-

252 2447 320 2509 nale
336 2457 366 2509 ot
381 2445 511 2527 pedale':
535 2446 620 2525 lepus
643 2457 673 2508 et
694 2446 774 2510 solea
797 2458 842 2508 est
864 2448 959 2509 allata.
998 2453 1150 2508 ‘muraena
1166 2456 1195 2510 et
1210 2447 1329 2509 littera’:

252 2551 370 2596 murem
385 2550 454 2594 cum
469 2550 541 2593 rana
557 2532 672 2613 alligata
688 2534 858 2612 fascemque
872 2532 959 2595 betae
974 2538 1087 2614 accepit.
1126 2534 1176 2595 diu
1193 2534 1328 2595 risimus:
1352 2545 1381 2593 to

251 2627 392 2683 sexcenta
404 2618 572 2680 huiusmodi
584 2619 716 2692 suerunt,
728 2637 803 2698 quae
815 2620 871 2680 iam
884 2619 1058 2681 exciderunt
1066 2619 1226 2681 memoriae
1236 2637 1327 2680 meae.

205 2716 231 2766 25
340 2714 474 2766 ceterum
490 2704 633 2789 Ascyltos,
647 2704 873 2785 intemperantis
891 2704 1037 2778 licentiae,
1060 2723 1127 2765 cum
1144 2705 1243 2766 omnia
1258 2704 1380 2775 sub-57

252 2792 319 2853 latis
342 2788 481 2851 manibus
503 2789 636 2851 eluderet
657 2799 805 2869 utusque
828 2790 863 2851 ad
887 2790 1023 2852 lacrimas
1045 2790 1171 2866 rideret,
1194 2809 1273 2852 unus
1295 2809 1330 2851 ex

252 2876 431 2939 conlibertis
450 2875 677 2937 Trimalchionis
699 2877 866 2961 excanduit,
888 2878 913 2938 is
935 2877 1000 2957 ipse
1022 2877 1073 2956 qui
1096 2896 1185 2957 supra
1206 2896 1253 2938 me
1271 2879 1330 2940 dis·

253 2960 431 3035 cumbebat‚
454 2970 485 3021 ct
506 2960 586 3041 ‘quid
609 2960 696 3022 rides’
719 2962 816 3041 inquit
832 2964 971 3024 ‘vervexl
998 2982 1036 3024 an
1057 2962 1111 3024 tibi
1131 2982 1194 3024 non
1215 2964 1334 3045 placent
1354 2977 1368 3025 2

253 3048 386 3111 lautitiae
405 3046 517 3108 domini
537 3044 618 3108 mcil
650 3057 683 3108 tu
706 3048 787 3109 enim
807 3047 921 3109 beatior
943 3067 975 3110 es
998 3058 1026 3110 et
1049 3050 1206 3112 convivare
1227 3051 1334 3114 melius

205 3145 234 3195 30
255 3134 343 3198 soles.
370 3132 411 3193 ita
425 3133 546 3194 tutelam
563 3133 651 3195 huius
665 3132 725 3194 loci
740 3132 863 3194 babeam
879 3135 1048 3215 propitiam,
1064 3146 1098 3196 ut
1112 3154 1168 3216 ego
1184 3135 1208 3198 si
1224 3155 1333 3199 secun·

256 3223 326 3283 dum
342 3220 425 3281 illum
441 3217 668 3292 discumbercm,
685 3218 741 3279 iam
758 3219 799 3280 illi
814 3218 945 3281 balatum
961 3220 1120 3283 duxissem.
1152 3222 1262 3283 bellum
1277 3243 1333 3303 po·
1355 3236 1370 3285 3

255 3324 348 3379 mum,
365 3304 417 3384 qui
429 3304 559 3365 rideatur
569 3304 657 3380 alios;
672 3304 796 3385 larifuga
809 3306 911 3367 nescio
923 3307 999 3385 quis,
1016 3315 1192 3381 nocturnus,
1209 3309 1333 3387 quinon

256 3392 332 3454 valet
348 3390 453 3451 lotium
468 3408 565 3451 suum.
585 3391 621 3451 ad
636 3408 792 3464 summam,
808 3392 832 3452 si
848 3391 1098 3454 circumminxero
1114 3392 1206 3465 illum,
1224 3395 1336 3456 nesciet

258 3495 315 3557 quu
328 3476 432 3557 lugiet.
453 3493 515 3536 nou
528 3475 713 3537 mehercules
724 3476 805 3537 soleo
817 3477 877 3538 cito
889 3477 1013 3550 fervere,
1029 3478 1080 3539 sed
1097 3478 1127 3538 iu
1140 3480 1230 3541 molle
1246 3498 1335 3541 carue

210 3573 239 3624 35
260 3580 375 3625 vermes
398 3571 574 3626 nascuntur.
611 3560 696 3626 ridet.
734 3561 804 3641 quid
827 3562 917 3624 habet
938 3563 1019 3642 quod
1040 3562 1157 3624 rideat?
1191 3566 1373 3644 numquid4

258 3660 343 3729 pater
358 3648 453 3709 letum
467 3647 540 3708 emit
553 3644 675 3708 lamna?
697 3665 789 3727 eques
805 3648 958 3710 Romanus
973 3668 1020 3711 es:
1040 3657 1071 3710 et
1085 3669 1140 3729 ego
1156 3652 1235 3730 regis
1248 3651 1336 3711 filius.

258 3740 373 3815 “quare
395 3750 469 3811 ergo
490 3730 674 3794 servivisti‘l'’
711 3733 781 3812 quia
803 3733 868 3814 ipse
894 3752 942 3795 me
969 3735 1035 3797 dedi
1058 3734 1089 3795 in
1112 3737 1284 3798 servitutem
1308 3746 1339 3796 et

258 3820 350 3882 malui
366 3818 439 3881 ciris
452 3816 606 3880 Romanus
627 3837 692 3880 esse
714 3837 803 3898 quam
825 3818 1007 3882 tributarius.
1044 3830 1074 3881 et
1089 3840 1172 3881 nunc
1186 3840 1275 3901 spero
1290 3839 1338 3882 me

259 3906 302 3968 sic
318 3906 425 3978 rivere,
447 3911 483 3964 ut
501 3903 615 3966 nomini
637 3905 721 3967 iocus
741 3905 806 3966 sim.
840 3907 929 3966 bomo
946 3906 1025 3968 inter
1038 3906 1178 3969 homines
1192 3924 1268 3981 sum,
1290 3925 1339 3968 ca·
1362 3919 1376 3967 5

212 4003 240 4053 tt
260 3992 320 4073 pite
334 3998 441 4072 aperto
455 3989 589 4067 ambulo;
612 4008 707 4052 assem
722 3990 868 4053 aerarium
884 3992 996 4053 nemini
1012 3991 1122 4069 deheo;
1144 3992 1338 4055 constitutum

348 4196 383 4249 ts
400 4191 520 4256 sortasse
536 4193 709 4261 xerophagiae
728 4209 760 4246 ex
777 4194 832 4246 sale
851 4194 862 4263 Ι
880 4196 914 4248 23
932 4194 1065 4261 alligatam
1083 4196 1094 4262 Ι
1116 4197 1150 4248 24
1168 4193 1316 4248 ceciderunt
1332 4195 1342 4263 ΙΙ

264 4266 295 4318 a1
314 4262 454 4317 dnum
461 4278 514 4330 pro
523 4262 592 4314 clus·
598 4262 849 4331 Frr'odluenderurl
863 4264 1001 4327 aulanam]
1013 4264 1046 4318 al.
1058 4264 1118 4317 lena
1129 4266 1345 4332 superscriptum
