3417 4934
715 435 871 492 SATVRAE
1296 442 1338 501 35

261 615 265 622 ’
339 611 400 674 iam
416 605 650 691 peragebantur,
665 609 690 671 si
705 610 773 689 quis
787 610 873 672 sinus
887 609 1005 673 abditus
1020 612 1105 685 ultra,

339 696 367 760 si
385 714 443 776 qua
458 696 537 757 leret
550 693 648 768 tellus,
664 713 740 774 quae
756 693 869 757 lulrum
884 696 1017 758 mitteret
1031 715 1147 774 aurum,
1280 714 1295 762 5

337 781 436 844 hostis
450 787 521 853 erat,
537 778 663 859 fatisque
676 780 708 842 in
725 780 818 843 tristia
834 780 911 843 bella
925 782 1037 861 paratis

339 865 564 948 quaerebantur
578 883 660 944 opes.
691 883 753 927 nou
768 866 857 944 vulgo
873 876 944 928 nota
959 866 1119 947 placebant

340 952 459 1032 gaudia,
475 969 538 1011 non
553 968 611 1012 usu
626 950 745 1029 plebeio
760 952 830 1012 trita
845 951 991 1032 voluptas.

339 1056 392 1099 aes
407 1034 624 1117 Ephyreiacum
640 1034 777 1097 laudabat
791 1036 877 1099 miles
891 1037 923 1098 in
938 1037 1034 1113 unda;

340 1121 495 1203 quaesitus
510 1118 616 1181 tellure
632 1120 713 1183 nitor
727 1129 892 1184 certaverat
907 1130 1005 1197 ostro;

339 1207 413 1269 binc
427 1205 571 1268 Numidae
585 1214 737 1282 accusant,
752 1206 833 1268 illinc
849 1226 926 1269 nova
940 1206 1048 1270 vellera
1066 1208 1166 1284 Seres,

338 1302 431 1373 atque
446 1290 577 1353 Arabum
592 1291 723 1371 populus
737 1310 790 1355 aua
805 1292 1022 1373 despoliaverat
1037 1312 1115 1356 arra.

339 1395 413 1441 ecce
427 1375 502 1439 aliae
516 1375 615 1439 clades
630 1384 660 1437 et
676 1376 771 1439 laesae
787 1377 910 1439 vulnera
924 1379 1017 1458 pacis.

341 1462 496 1543 quaeritur
511 1462 541 1523 in
558 1461 637 1526 silvis
651 1480 726 1524 auro
741 1463 815 1537 fera,
831 1470 862 1523 et
876 1463 998 1526 ultimus
1013 1464 1160 1526 Hammon
1205 1501 1207 1508 ι

340 1549 483 1611 Afrorum
499 1546 656 1621 excutitur,
672 1565 711 1610 ne
726 1546 802 1611 desit
816 1546 904 1609 belua
919 1548 1009 1611 dente

339 1634 377 1696 ad
391 1640 505 1694 mortes
518 1631 663 1712 pretiosa3
679 1634 772 1695 lamas
785 1633 896 1713 premit
908 1633 1022 1696 advena
1036 1635 1153 1711 classes,

339 1718 427 1799 tigris
441 1726 472 1779 et
485 1725 587 1781 aurata
602 1718 740 1799 gradiens
754 1727 889 1780 rectatur
903 1719 936 1781 in
951 1719 1026 1793 aula,

341 1814 375 1867 ut
390 1802 474 1865 bibat
487 1802 651 1865 humanum
665 1803 778 1884 populo
793 1803 954 1883 plaudente
969 1822 1120 1868 cmorem.

341 1890 413 1963 beu,
429 1887 523 1969 pudet
536 1886 620 1949 ellari
635 1888 827 1968 perituraque
841 1890 969 1968 prodere
984 1891 1052 1965 fata,

340 1975 500 2037 Persarum
514 1973 573 2035 ritu
588 1972 664 2035 male
678 1973 913 2054 pubescentibus
929 1976 1017 2037 annis

340 2058 516 2139 surripuere
530 2058 612 2120 viros
625 2068 804 2139 exsectaque
819 2059 932 2122 viscera
947 2062 1028 2124 terro

340 2146 372 2208 in
387 2161 529 2206 venerem
543 2144 670 2223 fregere,
685 2152 776 2224 atque
789 2153 823 2207 ut
837 2145 908 2225 fuga
923 2145 1033 2209 nobilis
1047 2146 1110 2208 aevi

341 2228 565 2309 circumscripta
580 2247 662 2290 mora
676 2239 875 2310 properantes
888 2230 1006 2293 diderat
1019 2250 1124 2307 annos,

341 2314 461 2396 quaerit
473 2332 506 2376 ae
521 2322 626 2375 natura
642 2332 700 2376 nec
713 2314 838 2377 invenit.
868 2316 1008 2379 omnibus
1023 2336 1094 2397 ergo

341 2409 439 2466 scorta
454 2399 575 2480 placent
589 2399 736 2479 fractique
750 2402 853 2463 enervi
867 2418 996 2480 corpore
1010 2419 1131 2481 gressus
1264 2411 1295 2461 aa

342 2495 372 2549 et
385 2485 445 2547 laxi
460 2485 560 2547 crines
575 2495 606 2547 ot
619 2492 665 2546 tot
680 2503 755 2546 nora
771 2486 894 2548 nomina
908 2487 1007 2562 restis,

342 2588 479 2653 quaeque
492 2570 589 2631 virum
603 2579 761 2649 quaerunt.
792 2589 862 2633 occe
877 2572 956 2633 liris
968 2579 1053 2633 eruta
1067 2571 1156 2633 terris

342 2656 467 2737 ponitur
481 2673 516 2717 ac
530 2654 655 2720 maculis
668 2655 801 2718 imitatur
816 2655 903 2719 vilius
918 2674 1023 2718 aurum
1264 2664 1294 2715 29

343 2742 434 2804 citrea
449 2758 552 2803 mensa
566 2758 672 2821 greges
685 2758 840 2803 serrorum
857 2751 1033 2821 ostrumque
1047 2739 1199 2814 renidens,
1263 2749 1294 2800 aa

343 2844 419 2907 quae
429 2844 553 2888 sensum
564 2825 670 2888 trabat.
695 2826 755 2889 boe
766 2826 867 2889 sterile
878 2845 913 2890 ac
923 2826 999 2888 male
1010 2826 1110 2888 nebda
1121 2823 1238 2904 lignum
1263 2835 1293 2885 at

343 2911 431 2974 turba
446 2909 562 2991 sepulta
577 2928 661 2975 mero
677 2911 790 2974 circum
806 2912 897 2988 venit,
913 2912 1075 2993 omniaque
1088 2909 1171 2974 orbis
1248 2937 1250 2942 ·

342 2996 473 3078 praemia
488 2996 639 3077 corruptis
652 2995 737 3059 miles
751 3015 842 3078 vagus
858 2997 950 3060 esurit
964 2998 1065 3060 armis.

342 3082 498 3163 ingeniosa
507 3082 577 3162 gula
590 3089 646 3144 est
674 3080 775 3145 Siculo
790 3101 893 3145 scarus
907 3101 1038 3163 aequore
1051 3100 1168 3145 mersus

343 3169 377 3230 ad
391 3184 527 3230 mensam
542 3166 624 3229 drus
638 3167 821 3247 perducitur,
837 3177 926 3248 atque
942 3168 1079 3231 Lucrinis

342 3262 427 3315 eruta
441 3251 579 3316 litoribua
593 3251 728 3315 vendunt
742 3253 897 3335 conchylia
911 3271 1012 3328 cenas,
1263 3260 1293 3311 35

341 3347 375 3401 ut
386 3346 536 3399 renovent
548 3355 605 3418 per
619 3337 727 3400 damna
741 3339 859 3400 lamem.
888 3339 947 3400 iam
961 3338 1104 3401 Phasidos
1118 3336 1199 3398 unda

342 3422 444 3486 orbata
460 3431 505 3486 eat
520 3421 632 3497 aribus,
647 3431 791 3503 mutoque
805 3424 836 3485 in
852 3424 941 3485 litore
955 3432 1073 3485 tantum

339 3508 421 3572 solae
437 3508 561 3570 desertis
576 3506 729 3588 adspirant
742 3509 902 3571 frondibus
916 3527 1015 3570 aurae.

341 3611 399 3656 neo
415 3594 517 3656 minor
531 3593 561 3655 in
578 3610 684 3675 campo
698 3594 785 3656 luror
798 3604 854 3669 est,
870 3594 1023 3674 emptique
1038 3591 1170 3664 Quirites

340 3679 532 3759 adpraedam
548 3679 765 3761 strepitumque
779 3679 854 3742 lucri
870 3680 1010 3761 suffragia
1024 3685 1154 3740 vertunt.
1262 3686 1293 3736 40

340 3764 452 3827 venalis
467 3764 607 3846 populus,
623 3765 734 3828 venalis
749 3765 831 3827 curia
845 3773 975 3845 patrum,

261 3856 461 3894 N*

342 3930 530 4002 bepyrecaml
546 3935 576 3986 11
595 3932 741 3987 arcontius
754 3932 792 3984 0.·
809 3931 936 3986 Numidae
948 3936 1049 3985 crustas
1060 3926 1205 3995 Scalagarl
1220 3930 1253 3982 14
1264 3928 1334 3980 circo

262 3975 478 4068 Hellomenon
494 4002 525 4055 11
544 4006 630 4053 aerata
647 4000 850 4053 Brouelcburiur
869 4000 880 4070 fl
904 4004 936 4054 19
949 4000 1017 4053 lacta
1030 3998 1204 4051 Burmannus
1215 3996 1225 4062 ΙΙ
1238 3997 1269 4049 21
1290 4012 1334 4048 ex·

264 4052 370 4130 aei'true
392 4067 413 4119 0
432 4068 442 4133 i
463 4070 497 4121 22
523 4068 627 4122 mobilis
649 4070 736 4122 endec
753 4068 930 4124 Monacensis.
961 4072 1030 4135 puto
1053 4066 1150 4119 nubilis
1172 4062 1178 4134 Ι
1202 4064 1308 4116 aevoo

266 4112 294 4237 ἐξ
306 4133 426 4257 'illm'
438 4137 471 4191 18
489 4140 567 4194 aurea
579 4134 635 4207 180
654 4137 757 4191 trabant
769 4135 779 4203 Ι
792 4138 824 4191 32
838 4137 964 4205 correptis
977 4136 984 4205 1
999 4136 1094 4190 anuuit
1104 4133 1232 4186 aemulls·
1243 4149 1279 4184 aar
1292 4133 1313 4185 0

309 4208 362 4257 “a
424 4205 578 4259 ·”
596 4243 598 4248 ,
