3417 4934
718 476 874 532 servate
1295 477 1336 537 65

208 651 417 725 aaronitas,
442 659 624 730 secutusque
646 650 797 713 labentem
818 650 924 712 eodem
946 651 1128 713 ferramento
1152 651 1187 712 ed
1209 659 1336 713 mortem

250 736 330 799 viam
342 753 465 815 quaero.
503 735 556 799 sed
570 754 670 816 neque
683 735 771 798 Giton
788 735 848 797 ulla
863 743 928 798 erat
942 737 1115 816 suspicione
1131 735 1262 800 vulneris
1275 736 1335 798 lae-
1357 746 1385 796 14

251 841 316 897 sus,
340 838 441 901 neque
463 821 629 901 agnullam
644 819 809 884 sentiebam
824 821 969 885 dolorem.
999 822 1082 884 mdis
1096 822 1178 884 enim
1193 822 1337 884 novacula

251 917 284 971 et
305 907 339 969 in
362 906 422 968 boo
436 914 547 981 retusa,
563 914 598 968 ut
611 906 714 986 pueris
729 905 915 969 discentibus
930 906 1081 968 audaciam
1098 908 1230 969 tonsoris
1244 907 1337 982 daret,

217 1009 231 1058 a
251 993 439 1055 instruxerat
458 992 585 1054 thecam.
619 992 747 1072 ideoque
769 1010 825 1053 nec
846 992 1075 1054 mercennarius
1088 991 1125 1053 ad
1140 1002 1260 1074 raptum
1274 993 1335 1054 fer·
1358 1002 1387 1052 te

252 1085 426 1139 ramentum
454 1085 627 1159 expaverat,
657 1095 714 1140 nec
735 1076 902 1158 Eumolpus
930 1077 1170 1158 interpellaverat
1190 1077 1339 1139 mimicam

252 1170 393 1225 mortem.

205 1267 248 1320 po
337 1243 343 1330 Ι
363 1246 435 1308 dum
456 1246 531 1309 baec
552 1244 653 1308 fabula
674 1247 910 1309 interementes
932 1246 1061 1323 luditur,
1084 1247 1249 1310 deversitor
1269 1265 1338 1309 eum
1352 1242 1396 1311 ab

254 1342 341 1414 parte
362 1331 490 1396 ecnulm
509 1332 679 1405 intervenit,
702 1332 983 1413 contemplatusque
1004 1331 1204 1395 foedissimam
1222 1332 1338 1393 voluta·

205 1433 234 1484 to
252 1417 368 1481 donem
382 1416 544 1480 iacentium
558 1416 653 1497 ‘rogo'
668 1417 767 1497 inquit
780 1414 866 1480 ‘ebrii
881 1417 961 1493 estis,
974 1436 1012 1479 an
1028 1418 1152 1499 fugitivi,
1167 1437 1204 1479 an
1220 1425 1337 1480 utrum-
1359 1428 1373 1477 2

253 1501 339 1583 qne‘l
368 1504 438 1583 quis
452 1512 551 1565 auum
567 1502 722 1583 grabatum
736 1501 820 1565 illum
836 1503 947 1577 erexit,
970 1513 1021 1565 aut
1042 1503 1114 1583 quid
1128 1503 1185 1567 sibi
1200 1502 1262 1564 vult
1276 1513 1337 1563 tam

252 1590 361 1651 furtiva
378 1585 516 1650 molitio?
541 1607 593 1650 vos
607 1588 794 1651 mehercules
809 1607 850 1650 ne
865 1589 1035 1651 mercedem
1049 1589 1142 1652 cellae
1155 1588 1273 1670 daretis,
1289 1588 1337 1649 fu·
1358 1598 1374 1646 a

253 1692 326 1755 gere
341 1682 432 1736 nocte
454 1673 487 1735 in
509 1672 664 1754 publicum
685 1673 830 1736 voluistis.
861 1674 914 1736 sed
937 1693 999 1736 non
1022 1675 1155 1756 impune.
1184 1674 1242 1735 iam
1258 1674 1339 1735 enim

252 1760 322 1822 faxo
336 1758 440 1822 sciatis
455 1778 518 1821 non
534 1758 639 1821 viduae
652 1759 732 1821 banc
746 1759 877 1821 insulam
892 1778 959 1822 esse
973 1760 1027 1821 sed
1041 1760 1080 1822 ll.
1096 1756 1261 1822 llannicii'.
1285 1777 1337 1820 ex·
1358 1769 1373 1818 4

207 1858 234 1908 15
253 1844 362 1908 clamat
377 1843 544 1925 Eumolpus
565 1845 664 1906 ‘etiarn
686 1841 844 1907 minaris‘l'
870 1845 1020 1924 simulque
1040 1864 1074 1908 os
1094 1845 1225 1908 hominis
1240 1844 1339 1926 palma

255 1928 465 1993 excussissima
485 1928 594 2010 pulsat.
631 1929 680 1992 ille
701 1939 748 1992 tot
767 1929 922 2010 hospitum
943 1929 1119 2011 potionibus
1139 1930 1267 1992 liberum
1286 1948 1338 1992 ur·
1361 1939 1375 1989 t

254 2015 372 2077 ceolum
384 2014 505 2078 fictilem
518 2014 550 2077 in
562 2014 704 2096 Eumolpi
716 2023 805 2096 caput
816 2016 961 2078 iaculatus
972 2025 1018 2079 est
1028 2015 1174 2096 solvitque
1185 2014 1341 2078 clamantis

252 2101 386 2164 boetem
408 2108 440 2163 et
460 2101 497 2163 de
518 2100 592 2162 cella
611 2119 645 2162 se
661 2100 818 2181 proripuit
850 2100 1017 2183 Eumolpus
1032 2102 1231 2164 contumeliae
1245 2102 1339 2181 impa-
1361 2110 1376 2159 6

252 2186 331 2248 tiens
353 2186 434 2267 rapit
454 2184 587 2265 ligneum
610 2184 821 2248 candelabrum
837 2186 1033 2267 sequiturque
1047 2186 1206 2250 abeuntem
1230 2196 1260 2247 et
1274 2204 1340 2248 cre·

205 2283 233 2335 tt
253 2270 394 2334 berrinnis
416 2270 525 2334 ictibus
545 2271 738 2351 supercilium
761 2289 847 2334 suum
871 2272 1010 2335 vindicat
1054 2274 1088 2334 fit
1109 2290 1276 2335 concursus
1298 2272 1375 2332 Μ

253 2356 353 2420 luibae
382 2356 595 2437 hospitumque
625 2355 779 2418 ebriorum
809 2358 988 2436 frequentia.
1033 2376 1089 2436 ego
1111 2366 1211 2419 autem
1234 2365 1341 2418 nactus

253 2441 444 2505 occasionum
465 2439 615 2504 vindictae
636 2440 817 2523 Eumolpum
840 2443 977 2526 excludo,
1005 2443 1181 2523 redditaque
1203 2442 1340 2505 scordalo

252 2527 318 2590 vice
331 2526 400 2589 sine
415 2526 532 2588 aemulo
547 2526 661 2589 scilicet
674 2537 706 2590 et
721 2527 793 2589 celle
809 2536 880 2589 ntor
895 2539 925 2589 et
940 2537 1041 2590 nocte.

340 2611 462 2674 interim
490 2622 627 2675 coctores
648 2612 844 2692 insulariique
874 2613 1006 2675 mulcant
1036 2613 1189 2675 exclusum
1212 2620 1243 2673 et
1263 2612 1339 2674 alius
1360 2619 1376 2671 8

206 2709 234 2760 te
254 2715 326 2759 vern
337 2696 416 2759 extis
426 2695 623 2760 stridentibus
634 2698 757 2779 plenum
769 2699 801 2759 in
815 2698 920 2760 oculos
932 2699 996 2761 eius
1011 2698 1148 2771 intentat,
1163 2698 1238 2759 alius
1256 2698 1341 2758 furca

254 2783 291 2845 de
313 2782 452 2845 carnario
475 2792 560 2864 rapta
574 2791 684 2846 statum
698 2783 876 2863 proeliantis
890 2784 1055 2863 componit
1089 2801 1165 2845 anus
1179 2782 1341 2863 praecipue

253 2868 346 2950 lippa,
360 2866 567 2930 sordidissimo
582 2868 753 2949 praecincta
768 2869 873 2944 linteo,
889 2870 979 2932 soleis
990 2869 1099 2949 ligneis
1110 2866 1274 2949 imparibus
1285 2868 1341 2929 im-

252 2954 367 3034 posita,
390 2971 497 3014 mnem
512 2954 645 3033 ingentis
660 2954 875 3032 magnitudinis
889 2964 993 3017 catena
1008 2955 1100 3017 trahit
1114 2954 1293 3034 instigatque
1308 2954 1340 3014 in

254 3037 438 3119 Eumolpon.
469 3038 523 3101 sed
546 3039 594 3101 ille
610 3038 789 3101 candelabro
804 3059 837 3102 se
851 3039 889 3101 ab
906 3041 989 3102 omni
1012 3039 1148 3121 periculo
1162 3038 1340 3101 vindicabat
1361 3046 1377 3095 a

208 3134 234 3185 tt
254 3122 427 3186 videbamus
449 3124 621 3187 nosomnia
636 3125 840 3205 perforamen
857 3126 965 3200 valvae,
982 3126 1062 3204 quod
1078 3125 1165 3206 paulo
1182 3133 1252 3186 ante
1267 3142 1341 3187 ansa
1354 3117 1399 3187 96

255 3208 356 3272 ostioli
376 3217 466 3289 rupta
481 3208 640 3286 laxaverat,
662 3210 858 3289 favebamque
874 3230 930 3291 ego
944 3212 1105 3291 vapulanti.
1136 3210 1224 3271 Giton
1240 3219 1340 3271 auum
1362 3217 1376 3266 t

254 3313 318 3357 non
342 3293 456 3357 oblitus
475 3294 698 3358 misericordiae
712 3313 783 3358 suae
798 3296 995 3359 reserandum
1010 3315 1075 3371 esse
1091 3296 1201 3359 ostium
1216 3313 1339 3357 succur-

253 3379 446 3460 rendumque
466 3380 649 3461 periclitanti
670 3379 822 3443 censebat.
861 3400 917 3462 ego
932 3383 1060 3444 durante
1074 3381 1171 3444 adbuc
1186 3380 1339 3442 iracundia
1361 3389 1376 3437 3

254 3483 318 3528 non
332 3464 473 3529 continui
495 3483 627 3541 manum,
648 3466 702 3529 sed
717 3475 808 3547 caput
822 3467 994 3529 miserantis
1008 3468 1113 3529 stricto
1128 3473 1276 3546 acutoque
1292 3483 1341 3527 ar·

211 3560 236 3611 tt
254 3550 347 3614 ticulo
362 3550 509 3631 percussi.
539 3560 569 3612 et
579 3551 629 3614 ille
640 3551 761 3631 quidem
772 3553 849 3614 flens
862 3551 999 3615 consedit
1009 3553 1041 3615 in
1054 3553 1142 3616 lecto.
1172 3571 1228 3632 ego
1240 3561 1340 3613 autem
1361 3558 1376 3607 t

222 3635 391 3699 talternos
406 3635 597 3717 opponebam
613 3637 753 3699 foramini
769 3637 874 3701 oculos
894 3638 1064 3719 iniuriaque
1078 3637 1218 3718 Eumolpi
1237 3637 1242 3718 Ι
1261 3637 1343 3698 velut

215 3722 385 3801 toqnodam
408 3719 476 3784 cibo
497 3739 547 3785 me
568 3722 721 3803 replebam
748 3720 753 3804 Ι
778 3723 1064 3804 advocationemque
1086 3720 1341 3796 commendabam,

256 3824 323 3869 curn
338 3815 521 3888 procurator
534 3808 650 3870 insulae
661 3807 828 3888 Bargatesa
845 3827 921 3871 cena
937 3810 1081 3872 excitatus
1095 3827 1111 3870 a
1126 3806 1244 3870 duobus
1258 3806 1342 3869 lecti·

256 3892 342 3955 cariis
356 3892 388 3954 in
404 3892 533 3955 mediam
547 3893 640 3955 rixam
657 3894 823 3974 perfertur;
840 3913 909 3956 nam
926 3905 991 3956 erat
1005 3896 1093 3956 etiam
1104 3891 1231 3975 pedibus
1243 3909 1342 3972 aeger.

216 3981 238 4033 lt
256 3977 323 4039 iant
333 3976 454 4041 rabiosa
465 3976 652 4059 barbaraque
662 3996 734 4041 voce
745 3979 777 4041 in
790 3977 892 4041 ebrios
906 3981 1105 4061 fugitivosque
1116 3980 1166 4042 diu
1182 3978 1340 4059 peroravit,
1362 3984 1376 4033 5

340 4132 375 4183 ¹⁶
390 4127 459 4181 liber
478 4127 521 4195 01
534 4129 568 4183 db
584 4128 757 4196 iniuriamqne
768 4128 891 4199 Eumolpi
909 4129 1159 4197 advocationemque
1176 4127 1341 4195 fengerito,

257 4196 416 4265 iniuriaeque
444 4195 566 4265 Eumolpi
590 4196 788 4251 advocationem
815 4197 1014 4251 commodabam
1041 4199 1090 4263 (rie
1107 4198 1249 4249 Parisinus
1264 4197 1342 4263 told)

259 4263 391 4334 fredgar,
408 4269 438 4318 et
453 4265 537 4318 velati
555 4265 668 4333 quodam
685 4265 744 4318 cibo
760 4279 803 4319 me
820 4265 956 4335 replebam
975 4280 1035 4320 enm
1052 4267 1179 4319 Pithoeus

303 4354 613 4413 memsam
1181 4351 1203 4401 b
