3417 4934
395 498 436 558 78
859 492 1013 548 Pmoun

395 670 524 733 eundem
541 688 605 732 esse
621 669 731 730 exitum
749 661 825 752 [sed]
849 675 881 728 et
895 666 972 728 idem
988 665 1181 740 domicilium,
1202 673 1234 727 et
1252 674 1353 728 cetera
1368 664 1460 746 quibu

360 756 584 820 texulceratae
598 762 715 816 mentes
729 756 764 814 ad
779 752 936 814 sanitatem
951 759 1138 813 revocantur.
1169 758 1199 812 at
1221 750 1270 812 illa
1286 750 1390 831 ignota
1403 769 1462 813 con·
1506 770 1515 809 ι

396 842 544 906 solatione
557 857 700 921 percussa
711 837 851 900 laceravit
862 837 1067 899 vehementius
1081 845 1187 917 pectus
1196 844 1366 916 ruptosque
1380 835 1462 900 crine
1508 853 1514 894 ι

350 938 379 991 111
400 944 493 1008 super
507 943 619 1005 corpus
639 924 763 986 iacentis
782 922 933 1002 imposuit
965 941 1027 984 non
1048 922 1172 985 recessit
1191 931 1293 984 umen
1309 921 1405 996 miles,
1422 919 1462 984 sel
1508 937 1515 980 t

399 1012 502 1074 eadem
523 1010 730 1072 exhortatione
752 1009 907 1089 temptavit
927 1009 997 1069 dare
1025 1007 1217 1069 mulierculae
1243 1005 1358 1083 cibum,
1383 1006 1484 1070 dorcet
1510 1007 1515 1065 i

397 1097 504 1160 ancilla
518 1096 579 1157 vini
594 1104 677 1157 certe
691 1094 727 1156 ab
743 1112 779 1155 eo
796 1094 889 1155 odore
904 1102 1047 1173 corrupta
1061 1093 1192 1172 primum
1211 1092 1277 1173 ipsa
1293 1091 1463 1173 porrexitnl

397 1184 610 1246 humanitatem
626 1180 777 1243 inritantia
790 1179 897 1241 victam
912 1196 1043 1253 manum,
1060 1177 1168 1240 deinde
1182 1178 1293 1240 reiecta
1310 1177 1464 1259 potionaat

349 1278 377 1329 11
399 1269 466 1330 cibo
488 1284 661 1348 expugnare
683 1264 820 1327 dominae
841 1263 1038 1346 pertinaciam
1052 1263 1152 1343 coepit
1172 1270 1203 1325 et
1217 1262 1312 1342 “quid
1327 1259 1463 1343 prodeti'
1512 1283 1515 1320 ε

396 1354 496 1434 inquit
510 1354 587 1414 “hoc
602 1351 668 1426 tibi,
692 1350 718 1413 si
732 1350 827 1413 soluta
847 1349 945 1411 inedia
960 1348 1062 1423 fueris,
1084 1350 1111 1411 si
1124 1356 1154 1410 te
1167 1348 1262 1410 vivam
1276 1346 1464 1429 cornelianica

395 1448 554 1519 antequam
568 1437 628 1498 fata
644 1445 778 1517 poscant,
794 1433 1000 1496 indemnatum
1016 1433 1156 1514 spiritum
1171 1431 1337 1496 effuderis?

349 1534 387 1585 12.
551 1522 582 1584 id
596 1523 728 1585 cinerem
744 1529 797 1583 aut
811 1538 916 1582 manes
931 1519 1029 1581 credis
1044 1519 1157 1581 sentire
1171 1517 1329 1599 sepultos?

398 1609 441 1670 vis
451 1616 485 1670 tu
498 1605 697 1670 reridscerel
710 1607 754 1668 ris
766 1606 901 1667 discusso
911 1603 1051 1666 muliebri
1063 1622 1177 1678 errore,
1189 1621 1277 1683 quam
1290 1604 1342 1667 diu
1353 1603 1466 1678 honest,

397 1693 472 1755 lucis
488 1693 651 1754 commodis
667 1689 748 1753 lrui‘l
770 1691 869 1771 ipsum
893 1700 923 1751 te
938 1690 1063 1751 iacentis
1079 1707 1189 1771 corpus
1202 1690 1368 1753 admonere
1382 1688 1466 1761 debe,

349 1790 378 1841 13
399 1786 433 1839 ut
446 1774 551 1843 vivas.’'
581 1795 671 1839 nemo
696 1776 807 1838 invitus
827 1776 926 1849 audit,
946 1793 1015 1836 cum
1038 1775 1156 1856 cogitur
1177 1783 1230 1836 aut
1243 1773 1347 1837 cibum
1361 1791 1467 1840 sumere

399 1863 571 1924 adtrivere.
601 1862 701 1941 itaque
716 1861 824 1923 mulier
839 1861 953 1940 aliquot
973 1861 1089 1922 dierum
1104 1860 1285 1922 abstinentia
1299 1860 1382 1924 sicea
1396 1867 1498 1944 pult

396 1956 443 2010 est
460 1947 558 2027 frangi
580 1948 775 2027 pertinaciam
796 1964 891 2021 suam,
912 1964 969 2008 nec
989 1946 1090 2008 minus
1111 1945 1193 2008 avide
1214 1945 1341 2026 replerit
1362 1964 1396 2009 se
1409 1943 1466 2009 ciba

327 2030 391 2099 112
399 2050 488 2113 quam
502 2033 618 2106 ancilla,
634 2051 710 2112 quae
725 2032 810 2112 prior
822 2032 898 2093 victa
914 2041 969 2093 est.
999 2040 1132 2093 ceterum
1146 2030 1238 2115 scitis,
1258 2031 1331 2111 quid
1344 2032 1467 2112 plerun-

398 2136 457 2197 que
471 2117 566 2180 soleat
578 2126 727 2197 temptare
746 2116 906 2178 humanam
927 2116 1102 2179 satietatem.
1131 2115 1240 2196 quibus
1254 2115 1409 2181 blanditiis
1422 2117 1467 2179 im·

396 2211 561 2283 petraverat
574 2202 669 2276 miles,
692 2210 725 2263 ut
738 2211 875 2264 matrona
896 2201 984 2263 vellet
1004 2202 1110 2276 rivere,
1139 2201 1233 2264 isdem
1256 2201 1345 2263 etiam
1361 2200 1468 2284 pudici·

362 2300 376 2349 2
397 2289 468 2350 tiam
490 2288 554 2350 eius
576 2306 733 2368 aggressus
755 2295 810 2350 est.
841 2304 899 2348 nec
921 2286 1062 2349 deformis
1084 2297 1136 2349 ant
1156 2286 1338 2350 infacundus
1364 2287 1501 2351 iuvem!

399 2385 497 2436 castae
511 2372 676 2447 ridebatur,
691 2372 872 2435 conciliante
886 2373 1010 2453 gratiam
1026 2372 1132 2435 ancilla
1148 2390 1184 2433 ac
1197 2370 1327 2435 subinde
1342 2374 1470 2438 dicenter

755 2452 923 2538 “placitone
939 2458 1027 2520 etiam
1041 2458 1190 2538 pugnabis
1205 2455 1320 2520 amori‘l
1512 2459 1513 2466 ’

484 2563 542 2607 nec
556 2544 637 2606 venit
651 2544 682 2606 in
698 2553 840 2628 mentem,
854 2562 984 2624 quorum
1000 2544 1172 2606 consederis
1185 2540 1302 2605 ardsl’

400 2630 471 2711 quid
493 2630 605 2692 diutius
628 2627 749 2691 moror?
772 2649 812 2692 ne
833 2631 913 2692 hanc
935 2630 1055 2709 quidem
1077 2638 1192 2709 partem
1214 2628 1352 2707 corporis
1374 2628 1473 2692 mulier
1511 2689 1513 2696 .

364 2727 379 2776 3
400 2715 553 2801 abstinuit,
574 2715 729 2795 victorque
756 2715 842 2777 miles
864 2725 1025 2794 utrumque
1047 2713 1204 2794 persuasit.
1233 2713 1473 2794 iacueruntergo
1487 2715 1513 2770 Ι·

399 2819 458 2864 una
482 2820 544 2863 non
567 2809 684 2862 tantum
706 2800 754 2862 illa
776 2807 877 2873 nocte,
899 2817 957 2878 qua
978 2800 1098 2879 nuptias
1120 2800 1268 2872 fecerunt,
1289 2800 1472 2880 scuposam

399 2887 486 2949 etiam
509 2904 543 2948 ac
566 2886 654 2947 tertio
676 2885 735 2958 die,
757 2884 919 2965 praeclusis
940 2883 1076 2945 videlicet
1103 2884 1263 2946 conditorii
1285 2883 1421 2960 loribus,
1446 2891 1475 2946 nt

399 2972 535 3051 quisquis
550 2989 587 3033 cx
607 2970 686 3032 notis
706 2968 878 3050 ignotisque
892 2968 930 3030 ad
944 2979 1173 3031 monumentum
1194 2969 1340 3045 venisset,
1361 2977 1476 3050 putaret

364 3065 380 3114 4
401 3057 551 3136 expirasse
561 3073 653 3135 super
663 3073 774 3135 corpus
784 3054 839 3115 viri
849 3052 1070 3134 pudicissimam
1081 3072 1213 3121 uxorem.
1237 3055 1475 3118 ceterumdelec-

400 3148 478 3202 tatus
492 3140 577 3203 miles
591 3149 622 3202 et
636 3139 731 3201 lorma
745 3139 878 3201 mulieris
892 3148 923 3200 et
934 3147 1060 3212 secreto,
1075 3139 1217 3220 quicquid
1228 3137 1302 3201 boni
1316 3156 1375 3221 per
1387 3139 1476 3204 fteul·
1491 3139 1510 3196 ³

399 3233 475 3287 tates
490 3233 617 3305 poterat,
643 3223 797 3286 coemebat
818 3232 848 3285 et
868 3224 963 3304 prima
978 3224 1076 3288 statim
1096 3236 1186 3287 nocte
1201 3226 1233 3286 in
1250 3235 1477 3290 monumentum

365 3309 524 3372 tierebat.
565 3312 664 3389 itaque
690 3310 780 3372 unius
806 3309 946 3371 cruciarii
970 3317 1110 3390 parentes
1136 3320 1169 3373 ut
1194 3310 1333 3372 viderunt
1356 3311 1477 3374 laxatam

401 3395 577 3469 custodiam,
590 3394 744 3458 detraxere
759 3403 848 3457 noete
860 3393 1043 3476 pendentem
1055 3414 1257 3476 supremoque
1266 3396 1479 3460 mandaverunt

365 3490 381 3540 6
402 3481 512 3543 officio.
542 3491 572 3542 at
586 3480 671 3543 miles
682 3480 927 3561 circumscriptus
938 3481 1008 3543 dum
1023 3480 1145 3554 desidet,
1161 3490 1195 3545 nt
1208 3490 1331 3562 postero
1348 3482 1399 3545 die
1412 3481 1479 3545 vidit

403 3584 492 3627 unam
514 3566 580 3628 sine
602 3566 745 3628 cadavere
766 3584 903 3641 crucem,
924 3566 1036 3629 veritus
1056 3566 1252 3647 supplicium,
1273 3566 1393 3630 mulieri
1413 3563 1513 3649 qnid⁸

401 3652 556 3715 accidisset
571 3651 708 3731 exponit:
731 3670 789 3714 uec
802 3670 835 3713 se
858 3660 1084 3732 expectaturum
1098 3651 1205 3715 iudicis
1224 3653 1417 3729 sententiam,
1431 3650 1480 3717 sed

400 3737 497 3817 gladio
511 3737 559 3800 ius
573 3736 723 3798 dicturum
738 3736 872 3817 ignaviae
884 3756 965 3800 snae.
991 3737 1195 3799 commodaret
1205 3755 1277 3818 ergo
1289 3736 1338 3798 illa
1349 3740 1479 3819 perituro

489 3991 503 4044 1
521 3988 631 4042 eandem
650 4002 708 4042 esse
725 3988 822 4053 sedem,
842 3988 912 4042 idem
928 3991 969 4041 ste
984 3988 1044 4051 fere
1061 3990 1207 4042 Ber-nensis
1218 3990 1258 4057 lt
1275 4004 1354 4057 super
1370 3987 1481 4058 peetus!

403 4060 420 4110 6
437 4062 507 4110 certe
524 4058 557 4110 ah
575 4072 607 4111 eo
627 4058 848 4112 amoenorum
867 4059 941 4125 quod
957 4058 1023 4110 ino
1040 4058 1181 4125 metatur
1198 4061 1289 4112 omisit
1305 4058 1345 4112 11.-
1362 4064 1481 4113 nectareo

401 4126 423 4178 1.
434 4126 470 4179 F.
483 4124 658 4194 Grmcr'ul
673 4127 701 4180 ll
716 4141 805 4179 curare
817 4128 965 4180 eamdam
978 4126 1132 4193 Vergilium
1151 4128 1214 4179 libet
1222 4128 1331 4195 pauci!
1346 4128 1378 4181 1³
1396 4128 1481 4191 debet]

401 4194 598 4261 poteatL123
618 4196 722 4247 omittet
737 4193 932 4262 ttonlegtunl
955 4197 988 4249 20
1006 4198 1124 4265 putasset
1144 4194 1154 4261 l
1176 4197 1210 4250 32
1227 4196 1333 4248 cruciati
1351 4196 1483 4251 lotam

403 4261 614 4315 Sombertema'e
626 4262 637 4332 Ι
650 4266 683 4317 34
700 4263 797 4317 residet
809 4263 831 4315 0
843 4264 854 4331 Ι
867 4265 899 4317 at
919 4266 990 4332 ugo]
1009 4262 1086 4317 nodo
1105 4262 1169 4315 liert
1185 4266 1283 4331 optim
