3417 4934
726 472 881 531 servule
1301 475 1335 533 31

205 650 236 701 r!
254 657 334 702 num
354 639 440 704 lavat
466 645 575 709 uideris
594 648 675 725 milri,
692 653 908 731 Agamemnon,
930 647 1043 709 diceret
1064 643 1157 728 “quid
1177 648 1234 711 iste
1252 666 1341 730 argu·
1355 646 1399 715 46

253 733 302 787 tat
317 726 505 790 molestus?”
532 733 602 812 quia
618 744 661 809 tu,
677 737 727 815 qui
743 744 830 818 potes
845 735 978 815 loquere,
999 751 1061 795 non
1077 733 1185 814 loquis.
1222 753 1284 796 non
1308 754 1341 798 es

257 820 385 874 nostrae
404 814 522 897 lasciue,
544 828 574 879 et
591 818 659 881 ideo
681 839 883 903 pauperorum
906 819 993 881 rerba
1017 818 1143 882 derides.
1180 819 1291 883 scimus
1311 830 1341 883 tc

257 915 335 977 prae
349 897 461 963 litteras
477 902 591 966 latuurn
607 924 682 968 esse.
719 905 790 988 quid
806 924 879 986 crgo
894 902 960 967 esti
996 904 1093 984 alium
1108 906 1156 967 dic
1170 914 1374 987 tapetem-2

218 1010 234 1060 5
256 983 356 1055 deam,
372 992 406 1045 ut
419 986 455 1047 sd
471 987 567 1050 villam
582 991 684 1055 venias
700 1002 729 1053 et
743 994 841 1054 videas
855 991 970 1054 casulas
985 988 1122 1051 nostras?
1155 991 1340 1055 inveniemus

257 1068 343 1147 quod
356 1071 583 1156 manducemus,
598 1076 723 1157 pullum,
747 1096 815 1139 ova:
837 1077 915 1139 belle
937 1076 1004 1147 crit,
1024 1076 1110 1136 etiam
1127 1076 1152 1138 si
1168 1077 1266 1139 omnia
1283 1077 1340 1139 lroc

257 1173 342 1216 anno
363 1162 524 1237 tempestas
542 1161 660 1242 dispare
680 1164 814 1245 pallarit:
838 1161 1025 1224 inveniemus
1051 1179 1123 1242 crgo
1145 1163 1226 1224 uude
1246 1163 1339 1224 saturi

258 1241 375 1303 flamus.
401 1252 432 1304 et
445 1243 504 1306 iam
518 1245 572 1307 tibi
587 1248 751 1329 discipulus
766 1249 874 1311 crescit
889 1248 987 1310 cicaro
1004 1265 1098 1310 meus.
1124 1247 1181 1308 iam
1197 1256 1339 1327 quattuor
1359 1260 1374 1309 3

259 1326 354 1405 partis
368 1326 456 1403 dicit;
471 1330 497 1391 si
511 1332 624 1407 vixerit,
641 1334 765 1397 habebis
779 1335 815 1395 ad
832 1335 909 1396 latus
923 1333 1083 1396 servulum.
1114 1351 1182 1394 narn
1198 1333 1338 1413 quicquid

209 1436 238 1487 10
258 1410 299 1472 illi
314 1422 408 1492 vacat,
425 1424 515 1496 caput
529 1417 566 1478 de
581 1417 679 1481 tabula
696 1439 757 1482 non
774 1421 860 1482 tollit.
887 1418 1062 1498 ingeniosus
1077 1428 1123 1481 est
1137 1427 1167 1479 et
1181 1417 1262 1480 bono
1277 1419 1339 1492 iilo,

258 1496 384 1560 etiamsi
395 1498 426 1560 in
439 1518 508 1563 aves
520 1504 677 1567 morbosus
688 1515 743 1570 est.
766 1524 822 1586 ego
833 1506 875 1568 illi
892 1506 949 1567 iam
964 1514 1025 1566 tres
1040 1503 1172 1565 cardeles
1187 1503 1292 1580 occidi,
1308 1514 1339 1566 et
1359 1516 1374 1565 4

257 1582 318 1643 dixi
334 1584 415 1662 quod
430 1588 567 1649 mustella
581 1591 720 1654 comedit.
744 1592 860 1653 invenit
869 1600 970 1652 umen
981 1589 1052 1651 alias
1067 1590 1182 1664 nenias,
1196 1598 1227 1651 et
1241 1589 1338 1652 liben-

258 1667 373 1730 tissime
387 1671 493 1751 pingit
522 1684 654 1737 ceterum
665 1677 721 1738 iam
734 1676 888 1739 Graeculis
898 1676 1009 1739 calcem
1021 1674 1161 1756 impingit
1177 1684 1207 1736 et
1218 1675 1336 1739 Latinas
1357 1686 1372 1735 5

257 1755 360 1836 coepit
375 1776 437 1818 non
453 1757 528 1819 male
542 1770 693 1841 appetere,
714 1763 804 1824 etiam
824 1764 849 1825 si
865 1763 1005 1842 magister
1019 1761 1083 1823 eius
1097 1760 1153 1824 sibi
1169 1760 1291 1842 placens
1306 1764 1340 1823 dt

209 1862 237 1914 15
258 1859 316 1903 nec
333 1860 395 1904 uno
410 1842 477 1906 loco
493 1846 639 1922 consistit,
654 1848 707 1910 sed
717 1849 807 1922 veuit,
823 1849 890 1909 dem
906 1848 1028 1920 litteras,
1042 1846 1094 1908 scd
1111 1866 1173 1908 non
1187 1846 1248 1908 vult
1258 1846 1339 1908 labo·

259 1944 337 1988 rare.
361 1938 448 1990 estet
459 1928 533 1991 alter
545 1950 606 1993 nou
619 1931 738 2013 quidem
751 1934 866 2009 doctus,
882 1935 933 1996 sed
945 1933 1090 2006 curiosus,
1107 1934 1157 2012 qui
1168 1932 1237 2013 plus
1251 1932 1338 1995 docet
1358 1944 1374 1992 c

259 2030 347 2092 quam
360 2014 426 2076 scit.
448 2015 548 2094 itaque
560 2018 672 2080 seriatis
686 2019 792 2081 diebus
803 2019 879 2081 solet
894 2019 1014 2081 domum
1025 2018 1137 2091 venire,
1152 2029 1182 2080 et
1197 2018 1338 2097 quicquid

257 2098 386 2184 dederis,
401 2111 562 2164 contentus
577 2112 632 2165 est.
659 2103 716 2165 emi
729 2122 801 2185 ergo
817 2123 901 2166 nunc
914 2122 1010 2184 puero
1025 2104 1138 2183 aliquot
1148 2102 1223 2164 libra
1238 2102 1336 2165 rubri·
1358 2116 1372 2164 t

257 2193 333 2259 cata,
344 2187 416 2265 quia
427 2187 493 2248 volo
506 2187 588 2249 illum
601 2189 638 2250 ad
649 2190 855 2252 domusionem
868 2189 976 2270 aliquid
985 2189 1022 2250 de
1032 2190 1233 2268 iuregustare.
1250 2188 1339 2251 habet

205 2288 235 2338 eo
256 2270 331 2333 haec
341 2288 392 2334 res
404 2291 523 2352 panem.
540 2292 608 2335 nam
621 2275 727 2337 litteris
738 2277 809 2338 satis
820 2276 1056 2355 inquinatusest.
1072 2275 1184 2354 quodsi
1193 2274 1339 2355 resilierit,

254 2356 403 2419 destinari
419 2358 502 2419 illum
518 2360 634 2422 artificii
656 2361 775 2434 docere,
797 2371 849 2423 aut
869 2361 1070 2424 tonstreinum
1086 2370 1138 2422 aut
1158 2378 1338 2440 praeconem

255 2451 309 2502 ant
330 2453 413 2504 certe
434 2445 627 2529 causidicum,
649 2447 730 2526 quod
752 2448 792 2509 illi
813 2449 932 2509 auterre
954 2465 1015 2507 uon
1038 2446 1132 2525 possit
1152 2446 1209 2507 uisi
1232 2446 1338 2508 Orcus.

254 2528 324 2589 ideo
339 2528 383 2590 illi
399 2530 508 2592 cotidie
523 2531 633 2593 clamo:
657 2533 849 2613 “Primigeni,
874 2532 962 2595 crede
978 2532 1059 2605 milri,
1082 2530 1224 2611 quicquid
1237 2530 1335 2604 discis,
1358 2541 1373 2591 Β

255 2611 311 2675 tibi
326 2614 428 2677 discis.
455 2617 534 2679 vides
546 2617 737 2680 Phileronem
750 2619 947 2680 causidicnma
963 2618 988 2678 si
1000 2636 1062 2677 non
1076 2616 1233 2689 didicisset,
1249 2616 1338 2677 hodie

205 2714 231 2766 ta
253 2703 363 2764 famem
380 2719 395 2761 a
413 2702 503 2764 labris
519 2722 580 2764 non
596 2703 739 2783 abigeret.
765 2705 864 2777 modo,
880 2704 969 2764 modo
985 2702 1062 2764 collo
1077 2719 1132 2764 suo
1145 2703 1337 2764 circumiere·

255 2788 307 2848 but
321 2805 417 2848 onera
431 2788 556 2863 venalia,
579 2808 661 2851 nnnc
683 2790 770 2852 etiam
793 2789 934 2852 adversus
948 2787 1122 2849 Norbanum
1144 2806 1176 2849 se
1194 2786 1337 2853 extendit.

255 2874 373 2935 litterae
388 2872 560 2935 thesaurum
576 2884 632 2951 est,
647 2884 678 2937 et
692 2876 850 2937 artificium
867 2892 1021 2954 nunquam
1037 2873 1191 2935 moritur”.

342 2958 488 3022 eiusmodi
505 2959 621 3022 labnlae
635 2961 800 3047 vibrabant,
822 2980 891 3023 cum
906 2960 1086 3022 Trimalchio
1102 2959 1222 3021 intravit
1242 2967 1272 3020 et
1285 2960 1336 3020 de·
1348 2953 1390 3024 47

254 3053 334 3106 tersa
350 3045 452 3107 fronte
466 3055 622 3126 unguento
638 3065 745 3109 manus
760 3047 829 3109 lavit
843 3047 999 3127 spatioque
1014 3046 1137 3106 minimo
1158 3045 1336 3125 interposito

205 3143 229 3193 to
253 3129 413 3211 ‘ignoscite
429 3130 510 3192 milri’
525 3132 623 3211 iuquit
638 3133 743 3206 ‘amici
759 3133 860 3194 multis
875 3133 933 3194 iarn
948 3131 1052 3193 diebus
1068 3140 1171 3192 ventu
1186 3131 1256 3192 milri
1274 3150 1333 3192 non
1356 3140 1371 3189 2

253 3216 422 3296 respondit.
461 3235 518 3278 nec
539 3218 645 3279 medici
667 3237 699 3280 se
720 3218 888 3279 inveniunt.
925 3218 1038 3298 proluit
1058 3216 1131 3277 milri
1152 3226 1251 3278 tamen
1272 3235 1335 3277 ma·

252 3301 393 3363 licerium
409 3311 439 3363 et
453 3302 537 3365 taeda
552 3322 589 3365 ex
604 3312 699 3365 aceto.
735 3321 822 3385 spero
838 3313 949 3375 tamen,
971 3304 1027 3364 iam
1042 3310 1173 3363 ueterem
1188 3301 1333 3381 pudorem
1356 3312 1371 3361 3

252 3386 312 3449 sibi
327 3387 473 3464 imponet.
509 3389 641 3468 alioquin
659 3390 737 3451 circa
753 3390 939 3451 stomachum
956 3389 1027 3450 milri
1043 3396 1140 3459 sonat,
1162 3397 1249 3468 putes
1270 3397 1334 3449 tau·

253 3490 333 3534 rum.
369 3474 471 3554 itaque
484 3474 509 3536 si
525 3476 591 3555 quis
605 3484 735 3537 vestrum
751 3475 878 3537 voluerit
898 3494 951 3537 sua
965 3493 998 3535 re
1013 3468 1124 3559 [causa]
1142 3474 1249 3547 iacere,
1271 3492 1332 3534 nou
1355 3483 1369 3531 4

205 3567 298 3623 ttest
314 3559 396 3638 quod
411 3559 495 3621 illum
511 3561 666 3641 pudeatur.
704 3560 1059 3622 nemonostrumsolide
1080 3569 1240 3622 natusest
1277 3576 1332 3639 ego

253 3644 371 3706 nullum
402 3654 474 3724 puto
501 3655 560 3707 tam
586 3664 727 3725 magnum
753 3655 935 3708 tormentum
962 3664 1027 3708 esse
1053 3663 1142 3725 quarn
1168 3645 1334 3706 continere.

341 3867 357 3917 2
376 3880 427 3917 nen
446 3865 531 3934 loqui:
560 3870 714 3933 permutato
738 3866 833 3917 ordine
850 3864 931 3933 loqui,
957 3881 1009 3917 nou
1032 3865 1138 3933 loquere
1157 3864 1308 3927 Sabellam
1324 3862 1334 3933 ΙΙ

250 3936 265 3985 'l
285 3932 400 4000 pnllsvit
416 3932 539 3986 lietslrim
551 3934 562 4002 Ι
575 3939 604 3988 11
626 3949 705 3985 naves
718 3934 727 4001 ΙΙ
745 3937 774 3987 13
792 3935 842 3985 iarn
861 3934 963 3985 alumna
982 3948 1111 4000 creperum
1131 3932 1262 3985 Graeculis
1279 3932 1332 3983 cal·

250 4016 310 4054 cern
340 4002 483 4069 impingere
510 4005 579 4056 norit
602 4006 724 4056 Petronii
740 4004 849 4055 Arbitri
874 4006 982 4054 nomine
1006 4004 1174 4067 praescripto
1201 4007 1332 4052 memorat

249 4070 396 4135 Eugenim
422 4071 573 4137 Vulgus-iace
602 4072 703 4123 addam
732 4086 863 4137 creperum
884 4072 901 4124 i.
920 4071 1023 4122 dubiam
1054 4069 1122 4121 unde
1152 4069 1331 4136 crepusculum

248 4136 431 4202 (Winterfeld
448 4142 562 4191 Hermae
571 4142 609 4194 55
618 4156 646 4206 p.
657 4142 726 4205 507).
761 4140 908 4205 Fulgentio
936 4140 1002 4190 liaeo
1028 4154 1108 4205 quom
1126 4138 1253 4189 Petronio
1272 4138 1332 4204 dig-

248 4208 334 4328 ἔξω
345 4206 403 4328 itii
420 4208 477 4277 sitii
491 4210 520 4261 ut
541 4207 677 4262 artificium
696 4208 846 4273 Scleefferur
861 4207 866 4277 Ι
881 4207 1075 4273 constreinuml
1089 4208 1120 4259 at
1140 4206 1307 4260 maleicornm
1324 4205 1333 4275 ΙΙ

304 4289 357 4327 ven
370 4290 422 4329 rein
