3417 4934
728 476 883 531 servata
1302 482 1343 539 45

222 658 248 708 11
258 661 395 733 tergens,
410 651 491 731 quod
506 650 537 712 in
555 650 633 713 collo
647 649 786 725 habebat,
802 652 932 733 applicat
946 673 979 716 se
994 653 1036 716 illi
1051 663 1129 729 toro,
1144 655 1174 716 in
1188 675 1249 736 quo
1261 655 1343 718 Scin-

256 739 319 800 tilla
341 736 501 799 Habinnae
521 736 728 799 discumbebat
747 756 834 820 uxor,
857 738 1048 819 osculataque
1074 740 1266 820 plaudentem
1289 746 1345 805 ‘est

257 824 298 886 te'
314 824 415 904 inquit
429 820 570 885 ‘siderei'

344 927 382 970 eo
397 908 505 972 deinde
519 917 697 989 perventum
713 915 768 982 est,
790 916 824 969 ut
838 908 1002 971 Fortunata
1024 910 1153 975 armillas
1172 931 1242 975 suas
1260 931 1341 975 cras-
1362 926 1378 975 6

222 1008 236 1055 t
256 995 384 1059 sissimis
397 994 568 1056 detraheret
583 993 702 1055 lacertis
717 994 930 1075 Scintillaeque
950 995 1069 1057 miranti
1086 999 1266 1060 ostenderet
1296 999 1341 1061 ul-

255 1082 330 1143 timo
345 1080 436 1143 etiarn
457 1079 648 1161 periscelides
669 1079 791 1141 resolvit
810 1089 842 1141 et
863 1082 1022 1142 reticulum
1038 1099 1172 1156 aureum,
1195 1102 1283 1164 quem
1306 1104 1343 1147 ex

257 1167 384 1230 obrussa
406 1184 472 1228 esse
494 1164 621 1229 dicebat.
658 1165 771 1227 notavit
791 1166 866 1227 haee
880 1166 1060 1229 Trimalchio
1082 1168 1226 1249 iussitque
1242 1171 1339 1231 1111111
1362 1183 1376 1231 1

257 1253 358 1315 omnia
380 1260 411 1313 et
427 1250 550 1313 ‘videtis’
572 1250 671 1330 inquit
691 1250 833 1313 ‘mulieris
858 1252 1033 1333 compedes:
1060 1253 1103 1315 sic
1130 1273 1186 1317 nos
1208 1254 1342 1318 barcalae

256 1337 469 1419 despoliamur.
506 1354 558 1398 sex
573 1335 674 1416 pondo
690 1345 721 1398 at
735 1335 875 1398 selibram
895 1338 984 1400 debet
1003 1338 1122 1400 habere.
1160 1348 1190 1401 11
1211 1341 1275 1419 ipse
1298 1342 1341 1403 ni-

210 1434 236 1485 11
256 1424 316 1486 hilo
332 1423 435 1485 minus
449 1421 545 1484 habeo
561 1422 665 1483 decem
681 1421 783 1502 pondo
798 1423 943 1485 armillam
963 1442 998 1485 ex
1021 1423 1183 1487 millesimis
1201 1426 1339 1489 Mercurii

258 1508 384 1572 iactam'.
422 1508 526 1570 ultimo
543 1507 641 1581 etiam,
662 1526 700 1569 ne
721 1508 842 1569 mentiri
858 1509 1017 1582 videretur,
1037 1520 1175 1572 stateram
1198 1512 1283 1573 iussit
1298 1513 1340 1573 al·
1362 1526 1377 1576 8

257 1595 328 1657 11111
341 1603 372 1655 11
382 1594 590 1656 circumlatum
603 1593 763 1673 approbari
774 1594 905 1674 pondus.
922 1614 978 1657 nec
990 1596 1097 1657 melior
1108 1595 1252 1671 Scintilla,
1264 1615 1341 1677 quae
1362 1610 1377 1661 1

257 1679 432 1742 decervion
454 1698 506 1741 sua
533 1679 690 1759 capsellam
713 1679 839 1741 detraxit
860 1681 1021 1754 aureolam,
1049 1699 1137 1761 quam
1161 1682 1341 1744 Felicionem

257 1764 437 1847 appellabat
482 1764 551 1827 inde
572 1765 633 1826 duo
655 1765 776 1826 crotalia
798 1767 923 1845 protulit
944 1777 974 1828 et
993 1766 1174 1830 Fortunatae
1195 1768 1226 1829 in
1247 1769 1341 1830 vicem

211 1861 236 1912 15
259 1850 478 1913 consideranda
493 1850 575 1912 dedit
589 1858 619 1911 et
634 1849 766 1912 ‘domini’
782 1851 881 1930 inquit
895 1853 962 1914 ‘mei
977 1851 1124 1915 beneficio
1141 1872 1231 1915 nemo
1254 1854 1343 1916 habet

256 1934 401 2000 meliora’.
425 1933 538 2015 ‘quid‘l'
553 1935 652 2015 inquit
664 1935 818 1998 Habinnas
831 1937 1057 2000 ‘excatarissasti
1068 1957 1126 2014 me,
1143 1948 1176 2001 ut
1190 1940 1244 2001 tibi
1260 1959 1340 2002 eme·
1364 1954 1392 2004 11

256 2042 320 2086 rem
336 2021 436 2084 labam
451 2022 584 2082 vitream.
615 2022 705 2101 plane
720 2022 745 2083 si
760 2022 851 2084 liliam
866 2022 1017 2106 haberem,
1034 2025 1181 2087 auriculas
1195 2026 1237 2087 illi
1253 2044 1340 2106 prae-

255 2109 398 2171 ciderem.
439 2106 580 2169 muheres
602 2108 627 2168 si
650 2126 710 2169 non
734 2118 843 2182 essent,
871 2110 971 2171 omnia
992 2128 1048 2190 pro
1071 2109 1133 2171 luto
1150 2110 1342 2187 haberemus;

256 2213 339 2256 nunc
355 2195 415 2255 boc
430 2202 475 2255 est
489 2191 607 2253 caldum
622 2192 734 2254 meiere
749 2203 779 2255 et
793 2194 933 2274 lrigidum
949 2194 1073 2275 potare?

209 2289 235 2338 11
340 2278 463 2341 interim
480 2278 618 2340 mulieres
633 2280 750 2341 sauciae
765 2281 843 2341 inter
859 2299 891 2342 se
906 2281 1039 2343 riserunt
1060 2281 1219 2360 ebriaeque
1234 2282 1340 2344 iunxe·
1364 2295 1391 2347 11

256 2373 328 2427 mnt
342 2364 457 2438 oscula,
477 2364 549 2425 dnm
563 2363 656 2426 altera
671 2364 852 2444 diligentiam
870 2367 1114 2428 matrisfamiliae
1130 2368 1226 2440 iactat,
1249 2367 1339 2430 altera

256 2451 378 2514 delicias
393 2456 424 2512 et
443 2449 660 2527 indiligentiam
676 2450 739 2512 viri.
784 2452 915 2531 dumque
937 2452 980 2513 sic
1002 2453 1172 2527 cohaerent,
1188 2452 1341 2516 Habinnas
1364 2468 1391 2517 11

256 2538 361 2599 lurtim
377 2535 567 2598 consurrexit
581 2534 734 2615 pedesque
749 2536 930 2599 Fortunatae
946 2546 1102 2618 correptos
1121 2556 1212 2617 snper
1231 2539 1340 2600 lectum

256 2621 389 2687 immisit.
427 2625 476 2681 ‘an
491 2618 539 2682 au'
554 2620 603 2682 illa
619 2622 812 2701 proclamavit
826 2622 986 2685 aberrante
1007 2623 1110 2685 tunica
1124 2642 1216 2703 super
1230 2643 1339 2705 genua.
1363 2639 1391 2689 13

208 2716 235 2767 25
256 2706 423 2788 composita
444 2724 517 2786 ergo
541 2707 571 2767 in
596 2708 710 2788 gremio
733 2709 887 2770 Scintillae
910 2709 1145 2770 incensissimam
1164 2709 1275 2771 rubore
1296 2711 1311 2772 1
1328 2749 1340 2759 -

256 2794 333 2856 ciem
348 2791 470 2855 sudario
485 2792 651 2854 abscondit.

272 2919 276 2923 Α
340 2878 522 2957 interposito
537 2876 645 2940 deinde
660 2879 756 2959 spatio
773 2898 842 2941 cum
857 2881 1005 2942 secundas
1024 2898 1142 2943 mensas
1158 2881 1337 2945 Trimalchio
1352 2881 1395 2950 68

255 2965 391 3028 iussisset
404 2964 515 3046 1111111,
531 2963 718 3026 sustulerunt
732 2966 808 3027 servi
824 2985 930 3029 omnes
950 2984 1070 3028 mensas
1090 2976 1120 3028 et
1141 2967 1212 3029 alias
1232 2968 1337 3032 attule-

255 3060 338 3125 mnt,
365 3048 548 3129 scobemque
567 3068 658 3111 11111
679 3061 709 3111 11
730 3052 823 3113 minio
845 3053 968 3114 tinctam
991 3061 1168 3132 sparserunt
1193 3062 1232 3127 11,
1259 3057 1338 3133 quod

207 3146 235 3195 11
256 3153 414 3216 nunquam
435 3144 506 3196 ante
526 3135 667 3210 videram,
692 3155 727 3198 ex
754 3136 851 3218 lapide
874 3138 1023 3219 speculari
1049 3138 1199 3217 pulverem
1225 3140 1339 3203 tritum.

255 3221 355 3284 statim
374 3220 555 3283 Trimalchio
580 3225 724 3302 ‘poteram
750 3222 880 3303 quidem’
906 3225 1006 3304 inquit
1031 3222 1098 3285 ‘boc
1123 3224 1248 3286 lericulc
1273 3245 1338 3289 esse
1360 3239 1374 3288 t

256 3314 435 3416 contentum
455 3307 602 3370 secundas
621 3308 701 3370 euim
718 3327 836 3370 mensas
851 3310 976 3371 habetis.
1012 3309 1100 3371 eadsi
1116 3309 1187 3389 quid
1203 3310 1272 3372 belli
1287 3312 1337 3374 ha·

333 3392 426 3454 aller.

255 3393 319 3477 hes,
344 3477 464 3540 interim
486 3495 562 3557 puer
577 3477 804 3551 Alexandrinus,
825 3478 877 3558 qui
899 3479 1010 3540 caldam
1031 3480 1226 3555 ministrabat,
1247 3482 1337 3545 lusci·
1358 3496 1373 3545 3

208 3573 236 3623 11
258 3564 322 3627 nias
337 3563 439 3643 coepit
452 3563 560 3625 imitari
575 3563 721 3626 clamante
736 3564 957 3626 Trimalchione
972 3565 1115 3628 subinde:
1132 3566 1241 3629 ‘muta'.
1267 3587 1336 3631 ecce
1358 3582 1373 3630 1

257 3651 333 3713 aliua
347 3649 445 3715 ludus.
477 3666 580 3712 servus
596 3649 647 3729 qui
662 3651 698 3710 ad
714 3651 805 3731 pedes
820 3650 976 3712 llabinnae
991 3650 1122 3725 sedebat,
1142 3652 1250 3728 iussus,
1272 3673 1336 3716 cre-

258 3738 307 3812 do,
322 3758 342 3798 a
357 3734 480 3797 domino
495 3754 550 3797 sno
565 3736 757 3815 proclamavit
771 3737 871 3799 subito
887 3755 996 3799 canora
1012 3755 1099 3799 voce:

426 3816 550 3883 ‘interea
565 3822 695 3883 medium
711 3821 827 3885 Aeneas
841 3824 899 3884 iam
915 3824 1007 3884 classe
1022 3822 1162 3884 tenebat!

259 3907 361 3970 nullus
379 3925 473 3969 sonus
494 3925 627 3987 unquam
649 3907 761 3969 acidior
775 3909 923 3989 percussit
937 3927 1024 3970 aures
1040 3926 1137 3983 meas;
1160 3927 1227 3969 nam
1249 3929 1335 3990 prae·
1358 3927 1373 3975 5

211 4002 238 4052 11
257 4000 304 4055 ter
317 3991 447 4055 errantis
466 3991 620 4055 barbariae
642 4003 694 4054 aut
717 3994 863 4055 adiectum
888 4003 939 4055 aut
964 3994 1150 4056 deminutum
1176 3994 1335 4059 clamorem

345 4130 363 4181 4
380 4127 553 4181 crassissimae
570 4127 745 4196 Sobefferusp
779 4132 811 4182 12
829 4130 980 4181 circulatnm
992 4128 1003 4195 fl
1016 4131 1048 4181 20
1067 4128 1154 4181 sociae
1178 4129 1338 4183 Sardemisu-

259 4195 553 4318 msam!
573 4198 606 4250 21
624 4195 746 4249 indecens
763 4198 841 4249 imum
862 4198 873 4267 Ι
895 4200 929 4251 29
947 4197 1139 4265 scrobemque!
1153 4201 1186 4251 40
1204 4201 1336 4253 recitantis
