3417 4934
377 500 416 557 10
834 497 989 551 Pereunt!

336 684 351 734 4
374 671 545 734 meretrices
559 670 662 733 furtim
677 670 848 752 spatiantes.
878 670 971 745 tarde,
987 670 1078 732 immo
1094 669 1152 731 iam
1166 686 1234 733 soro
1250 670 1383 734 intellexi
1403 690 1452 733 me

374 758 404 819 in
422 758 568 819 fornicem
589 775 654 819 esse
675 756 845 820 deductum.
890 765 1044 819 execratus
1065 754 1165 836 itaquo
1180 755 1314 820 aniculae
1328 756 1453 820 insidias

374 843 479 924 operui
501 850 641 924 caputet
661 860 717 923 per
735 843 867 905 medium
888 842 1014 924 lupanar
1032 841 1137 922 sugere
1157 842 1243 923 coepi
1269 843 1299 905 in
1327 843 1449 906 alteram

373 937 499 1014 partem,
520 946 589 991 cum
605 947 674 991 ecce
694 928 727 991 in
749 930 814 1009 ipso
836 928 918 991 aditu
941 927 1072 990 occurrit
1090 927 1161 989 milri
1182 946 1277 1009 aeque
1299 929 1394 992 lassus
1416 948 1451 991 ac
1513 973 1516 1006 2

372 1015 506 1077 moriens
529 1014 679 1095 Ascyltos3
710 1022 830 1095 putares
854 1013 892 1077 ab
918 1014 1018 1077 eadem
1045 1012 1162 1075 anicula
1187 1032 1252 1077 esse
1277 1014 1450 1078 deductum.
1472 1025 1486 1074 5
1515 1021 1516 1034 ¹

336 1113 351 1162 5
372 1100 472 1182 itaque
487 1107 522 1162 ut
535 1100 637 1163 ridens
652 1118 721 1162 eum
736 1100 927 1173 consalutari,
950 1099 1020 1181 quid
1043 1100 1075 1161 in
1096 1098 1163 1160 loco
1184 1108 1244 1161 mm
1265 1098 1390 1162 deformi
1407 1102 1450 1163 fa·
1512 1115 1516 1138 '¹

334 1182 356 1252 8
371 1194 453 1249 cerat
468 1186 607 1267 quaesivi.
633 1187 773 1249 sudorem
789 1186 838 1248 illo
853 1186 993 1249 manibus
1007 1184 1131 1249 detersit
1145 1193 1175 1246 et
1189 1185 1224 1247 ‘si
1239 1186 1341 1250 scires'
1351 1187 1452 1266 inquit

334 1283 349 1333 2
372 1276 457 1353 ‘quae
473 1272 545 1334 mihi
560 1270 753 1335 acciderunt’.
799 1272 881 1352 ‘quid
897 1271 974 1334 nori’
1003 1272 1125 1352 inquam
1142 1269 1238 1352 ‘egoi’
1268 1282 1298 1333 at
1312 1272 1362 1335 ille
1376 1271 1450 1335 defl-
1515 1305 1516 1310 1

372 1359 455 1421 ciens
470 1356 549 1421 ‘oum
566 1357 707 1421 errarem'
721 1357 819 1437 inquit
834 1363 899 1439 ‘per
913 1366 1004 1420 totam
1027 1358 1173 1420 civitatem
1197 1375 1254 1419 neo
1273 1357 1448 1434 invenirem,
1515 1351 1516 1360 ’

371 1462 432 1523 quo
447 1444 513 1506 loco
529 1443 678 1507 stabulum
693 1443 890 1522 reliquissem,
910 1443 1034 1506 accessit
1055 1444 1090 1505 ad
1111 1462 1158 1505 me
1178 1452 1262 1523 pater
1276 1444 1404 1514 familiae
1420 1448 1492 1505 etto

334 1539 348 1589 3
371 1528 476 1593 ducem
492 1549 524 1593 se
539 1529 656 1592 itineris
671 1527 885 1592 humanissime
904 1528 1049 1609 promisit.
1094 1548 1149 1610 per
1168 1529 1318 1591 anfractus
1340 1529 1448 1592 deinde
1515 1534 1516 1544 ’

372 1613 600 1678 obscurissimos
614 1633 752 1696 egressus
767 1615 798 1676 in
820 1614 903 1677 huno
923 1614 1023 1677 locum
1048 1634 1095 1678 me
1115 1614 1253 1696 perduxit
1274 1615 1449 1695 prolatoque

333 1710 347 1759 4
370 1701 487 1781 peculio
503 1700 603 1781 coepit
621 1718 727 1780 rogare
747 1709 894 1781 stuprum.
914 1696 920 1785 Ι
939 1700 995 1762 iarn
1019 1720 1075 1781 pro
1097 1701 1170 1763 cella
1192 1701 1332 1763 meretrix
1351 1719 1446 1764 assem
1463 1708 1484 1761 5

371 1794 518 1865 exegerat,
538 1782 544 1870 Ι
563 1787 621 1847 iam
640 1785 688 1849 ille
703 1785 775 1847 mihi
791 1786 935 1850 iniecerat
951 1805 1084 1863 manum,
1099 1794 1129 1847 et
1144 1786 1200 1849 nisi
1216 1786 1360 1849 valentior
1374 1786 1446 1849 iuis·
1464 1792 1509 1847 lo

369 1890 442 1948 sem,
458 1871 604 1935 dedissem
618 1870 741 1952 poenas’
1469 1875 1495 1928 15

901 1959 917 1993 ’lt

458 2039 464 2126 Ι
482 2042 556 2105 adeo
572 2043 684 2124 ubique
700 2062 804 2106 omnes
819 2043 891 2105 milri
907 2041 1083 2106 videbantur
1098 2050 1249 2105 satureum
1265 2042 1375 2105 bibisse
1463 2051 1483 2104 l

895 2152 912 2188 *

454 2213 565 2277 iunctis
580 2213 692 2279 viribus
706 2215 865 2278 molestum
882 2214 1116 2295 contempsimus

893 2322 910 2359 a

331 2380 353 2449 9
453 2385 536 2464 quasi
556 2404 611 2466 per
632 2386 789 2467 caliginem
804 2386 863 2447 vidi
878 2386 985 2448 Gitona
1007 2384 1039 2447 in
1061 2383 1214 2465 crepidine
1229 2382 1350 2445 semitae
1365 2393 1445 2446 stau·

368 2478 428 2532 tem
444 2479 474 2533 et
488 2471 520 2532 in
533 2472 660 2535 eundem
676 2472 775 2534 locum
790 2489 838 2534 me
853 2472 979 2535 conieci.

331 2651 345 2701 2
452 2661 522 2705 oum
538 2661 712 2723 quaererem
729 2644 874 2722 numquid
895 2642 982 2706 nobis
1002 2643 1033 2705 in
1055 2641 1213 2723 prandium
1232 2641 1324 2702 irater
1344 2657 1446 2720 paras·
1467 2648 1496 2699 to

368 2736 422 2803 set,
450 2728 586 2791 consedit
610 2746 687 2809 puer
708 2748 799 2812 super
821 2729 930 2791 lectum
953 2735 983 2789 et
1002 2736 1159 2789 manantes
1182 2726 1317 2788 lacrimas
1337 2724 1445 2808 pollice

330 2822 344 2871 a
367 2814 497 2877 extersit.
525 2814 716 2894 perturbatus
731 2833 786 2895 ego
802 2813 905 2875 habitu
916 2812 1025 2894 fratris,
1040 2812 1110 2891 quid
1126 2810 1288 2884 accidisset,
1305 2811 1444 2891 quaesivi.

368 2909 398 2961 et
417 2897 466 2960 ille
487 2898 571 2960 tarde
591 2899 711 2980 quidem
733 2908 763 2959 et
783 2898 903 2972 inritus,
928 2899 979 2960 sed
1007 2905 1165 2978 postquam
1192 2895 1332 2976 precibus
1358 2897 1444 2959 etiam

331 2995 345 3044 4
367 2984 551 3046 iracundiam
567 2985 682 3058 miscui,
698 2977 786 3046 ‘tuus’
801 2983 900 3064 inquit
914 2982 980 3045 ‘iste
995 2983 1089 3044 irater
1099 3000 1152 3044 seu
1164 2999 1264 3044 comes
1275 2982 1364 3061 paulo
1376 2992 1445 3044 ante

367 3070 399 3131 in
423 3068 605 3132 conductum
626 3069 794 3132 accucurrit
816 3069 975 3150 coepitque
995 3068 1068 3129 mihi
1090 3067 1164 3130 velle
1187 3068 1329 3148 pudorem
1346 3076 1446 3130 extor-
1469 3075 1499 3126 25

330 3166 345 3215 5
367 3174 468 3236 quere.
488 3151 495 3236 Ι
513 3173 580 3217 cum
597 3174 652 3235 ego
668 3155 894 3235 proclamarem,
910 3154 1039 3235 gladium
1055 3154 1175 3216 strinxit
1195 3162 1225 3215 et
1246 3152 1291 3214 “si
1307 3153 1443 3215 Lucretia
1464 3165 1510 3218 Lo

368 3240 419 3303 es”
434 3241 535 3322 inquit
549 3241 765 3321 “Tarquinium
780 3239 950 3303 invenisti.”

328 3336 344 3385 6
456 3329 461 3410 Ι
481 3325 589 3407 quibus
610 3345 666 3407 ego
687 3327 794 3390 auditis
812 3326 957 3389 intentavi
976 3326 1008 3388 in
1030 3324 1133 3387 oculos
1152 3324 1263 3406 Ascylti
1283 3342 1391 3387 manus
1413 3334 1444 3386 et
1462 3329 1485 3381 L

368 3412 450 3491 ‘quid
464 3412 547 3475 diois'
561 3413 683 3492 inquam
700 3412 863 3475 ‘muliebris
876 3412 1035 3494 patientiae
1050 3420 1193 3485 scortum,
1215 3411 1300 3473 euius
1322 3430 1361 3472 ne
1381 3410 1442 3490 spi-

329 3509 343 3558 t
365 3498 441 3561 ritus
461 3498 574 3580 quidem
595 3517 689 3579 purus
709 3497 785 3561 estl’
823 3499 1032 3561 inhorrescere
1054 3516 1086 3560 sa
1107 3497 1193 3560 finxit
1209 3497 1352 3578 Ascyltos,
1373 3514 1443 3558 mox
1466 3504 1498 3554 au

328 3593 344 3644 8
365 3583 489 3646 sublatis
504 3585 611 3648 lortius
625 3584 763 3647 manibus
777 3584 868 3665 longe
882 3584 994 3648 maiore
1009 3584 1078 3646 nisu
1093 3582 1241 3646 clamavit:
1264 3590 1337 3644 ‘non
1352 3581 1443 3643 taces’
1484 3584 1501 3609 Χ

328 3680 343 3729 9
365 3670 463 3750 inquit
477 3665 629 3750 ‘gladiator
644 3669 783 3747 obscene,
800 3688 889 3750 quom
903 3670 941 3732 de
955 3689 973 3721 a
998 3669 1087 3732 ruina
1101 3670 1212 3731 harena
1227 3665 1358 3730 dimisit?
1380 3687 1441 3729 non

366 3763 456 3832 taces,
472 3762 620 3818 nocturne
635 3774 804 3836 percussor,
826 3756 878 3836 qui
894 3774 932 3818 ne
947 3764 1010 3818 tum
1027 3756 1156 3836 quidem,
1174 3773 1241 3815 curn
1263 3754 1380 3814 fortiter
1400 3753 1442 3814 sa-

316 3851 343 3901 10
365 3861 458 3918 ceres,
481 3860 549 3905 oum
564 3860 639 3922 pura
654 3841 779 3905 muliere
798 3841 948 3923 pugnasti,
969 3840 1056 3903 cuius
1077 3842 1179 3902 eadem
1194 3838 1309 3901 ratione
1324 3838 1355 3899 in
1372 3838 1440 3900 viri-

366 3927 448 3990 dario
463 3927 622 4003 irateriui,
639 3946 696 4007 qua
711 3928 839 3990 nuncin
859 3928 1028 3989 deversorio
1049 3945 1125 4007 puer
1146 3922 1221 3987 estl’
1266 3923 1440 3986 ‘subduxisti
1463 3933 1496 3983 35

315 4008 357 4076 10
366 4012 970 4096 te'iuquam‘apraeceptorisoolloquio’
990 4012 1070 4092 ‘quid
1082 4010 1246 4092 ego,homo
1258 4008 1439 4086 stultissime,

453 4220 465 4269 1
477 4216 671 4285 compatientes
681 4215 744 4267 libri
753 4215 896 4283 puraqueq
911 4217 942 4270 12
955 4212 1106 4281 produxitb
1119 4212 1129 4278 Ι
1142 4212 1175 4265 22
1187 4210 1313 4278 expressit
1326 4210 1337 4279 l
1349 4213 1382 4264 24
1394 4226 1440 4265 seu

364 4299 453 4338 comes
468 4289 592 4351 conpacta
604 4284 615 4353 Ι
628 4286 661 4339 36
678 4283 762 4352 inquit
