3417 4934
767 481 923 537 stuvene
1323 482 1383 545 101

260 652 490 735 tocamionem,
511 654 701 736 lacrimisque
722 655 853 719 ubertim
869 655 1059 718 manantibus
1074 655 1266 719 obscuratum
1281 656 1383 720 dextra

300 746 395 821 caput
416 755 507 821 super
528 740 685 822 pulvinum
707 740 858 804 inclinavi.
893 760 949 803 nec
970 741 1071 803 minus
1093 741 1142 803 illa
1164 742 1235 805 fletu
1258 744 1384 806 confusa
1404 754 1420 803 6

301 825 396 887 altera
415 834 502 905 parte
521 825 623 889 lectuli
644 826 721 889 sedit
741 827 905 907 aetatisque
924 828 1031 905 longae
1052 844 1168 888 moram
1182 828 1318 891 tremulis
1332 845 1384 890 ro·

302 910 389 973 cibus
404 911 504 991 coepit
518 927 669 986 accusare,
684 911 781 974 donec
797 913 959 974 intervenit
973 912 1122 974 sacerdos.

267 1006 282 1056 t
390 996 471 1075 ‘quid
486 994 548 1059 vos'
562 996 660 1076 inquit
676 998 717 1059 ‘in
733 997 837 1060 cellam
853 1016 948 1060 meam
963 1006 1106 1077 tanquam
1120 1006 1190 1060 ante
1205 1014 1312 1061 recens
1327 998 1383 1061 bu·
1405 1010 1419 1059 t

272 1088 383 1143 ostum
399 1079 545 1145 venistis?
563 1079 568 1166 Ι
589 1082 691 1162 utique
706 1084 754 1144 die
765 1083 916 1157 feriarum,
933 1101 992 1163 quo
1009 1082 1097 1144 etiam
1112 1082 1250 1163 lugentes
1264 1082 1384 1146 rident!

260 1194 311 1283 ¹⁴⁰l
335 1197 374 1261 ‘o'
396 1197 495 1280 inquit
516 1200 697 1277 ‘Oenothea‚
726 1202 808 1263 hunc
830 1202 1050 1263 adulescentem
1073 1220 1162 1282 quem
1184 1200 1279 1267 vides:
1307 1201 1384 1265 malo
1405 1211 1421 1262 8

303 1294 384 1347 astro
401 1296 489 1349 natus
504 1296 564 1362 est3
588 1305 657 1350 nam
680 1305 780 1367 neque
795 1305 890 1365 puero
906 1305 1005 1367 neque
1019 1286 1135 1368 puellae
1150 1286 1229 1348 hona
1243 1305 1298 1349 sua
1312 1305 1384 1349 ven·

277 1370 376 1433 ldere
389 1381 499 1452 potest.
519 1368 524 1456 Ι
545 1390 699 1452 nunquam
721 1381 755 1433 tu
776 1372 929 1434 hominem
950 1383 1012 1433 tam
1033 1371 1181 1435 infelicem
1202 1371 1317 1435 vidisti:
1339 1372 1383 1435 lo·
1406 1383 1421 1433 9

260 1466 291 1519 *tu
308 1475 376 1519 rum
391 1457 423 1518 in
439 1475 524 1537 aqua,
548 1477 611 1519 non
633 1458 757 1536 inguina
779 1457 878 1519 habet.
898 1454 903 1541 Ι
923 1459 958 1519 ad
984 1475 1139 1533 summam,
1165 1459 1284 1537 qualem
1298 1469 1385 1539 putas

281 1551 383 1617 lesse,
406 1543 516 1622 quide
538 1541 637 1605 Circes
658 1552 725 1604 toro
749 1542 815 1604 sine
835 1542 986 1624 voluptate
1008 1539 1168 1605 surrexit‘l’
1186 1538 1192 1627 Ι
1212 1543 1257 1606 his
1278 1542 1385 1606 auditis
1408 1554 1436 1606 to

305 1627 460 1691 Oenothea
475 1628 556 1690 inter
569 1637 730 1708 utrumque
741 1628 877 1690 consedit
890 1638 1032 1707 motoque
1043 1627 1155 1690 diutius
1165 1629 1263 1708 capite
1277 1627 1386 1692 ‘istum'

305 1712 403 1793 inquit
418 1712 569 1776 ‘morbum
591 1715 653 1776 sola
674 1732 741 1775 sum
764 1731 839 1794 quae
862 1713 1023 1775 emendare
1045 1713 1118 1775 scio.
1149 1722 1179 1775 et
1201 1734 1240 1777 ne
1261 1734 1307 1777 cre
1327 1733 1384 1796 pu·
1408 1722 1435 1775 tt

305 1799 372 1861 tetis
383 1798 526 1879 perplexe
536 1816 635 1878 agere,
647 1816 721 1878 rogo
733 1808 767 1860 ut
777 1797 1019 1861 adulescentulus
1028 1816 1145 1861 mecum
1158 1808 1247 1862 nocte
1259 1800 1386 1862 dormiat

272 1958 293 2010 15
308 1934 362 1997 nisi
376 1933 452 1996 illud
466 1941 526 1996 tam
541 1934 670 2014 rigidum
684 1933 842 1997 reddidero
859 1951 948 2015 quam
964 1952 1078 1996 cornua

272 2019 306 2093 'ro
411 2016 416 2104 Ι
437 2019 579 2100 quicquid
594 2020 625 2081 in
642 2024 715 2081 orbe
729 2019 820 2094 vides,
836 2028 922 2100 paret
935 2019 1017 2082 mihi.
1047 2020 1152 2082 florida
1166 2019 1262 2095 tellus,
1407 2027 1436 2079 ta

435 2122 504 2168 cum
518 2104 596 2180 volo,
612 2104 729 2167 siccatis
743 2105 851 2166 arescit
864 2104 1003 2183 languida
1017 2106 1107 2177 such,

435 2208 503 2253 cum
520 2190 597 2265 volo,
613 2190 712 2252 tundit
726 2207 808 2271 opes,
824 2189 1000 2271 scopulique
1015 2198 1104 2270 atque
1120 2190 1240 2252 horrida
1255 2209 1325 2253 sara

433 2275 559 2337 Niliacas
573 2275 740 2337 iaculantur
754 2293 856 2354 aquas.
887 2273 959 2335 mihi
974 2284 1086 2355 pontus
1100 2274 1212 2338 inertes

434 2359 581 2423 submittit
595 2360 714 2434 fluctus,
730 2360 911 2441 zephyrique
926 2359 1057 2421 tacentia
1071 2369 1191 2440 ponunt

435 2453 505 2508 ante
519 2464 603 2508 meos
618 2463 671 2508 sua
685 2444 779 2506 tlabra
794 2444 895 2525 pedes.
926 2444 997 2506 mihi
1013 2444 1136 2506 humina
1151 2455 1259 2525 parent

436 2530 653 2612 Hyrcanaeque
668 2529 761 2610 tigres
776 2541 806 2592 et
820 2530 892 2593 iussi
908 2539 988 2592 stare
1002 2528 1157 2593 dracones.

434 2616 506 2696 quid
521 2615 631 2678 leviora
646 2613 778 2695 loquor?
793 2617 883 2677 lunae
899 2615 1054 2677 descendit
1068 2615 1165 2696 imago

435 2701 618 2764 carminibus
632 2701 759 2763 deducta
773 2701 858 2776 meis,
873 2699 1068 2780 trepidusque
1083 2701 1218 2763 furentes

433 2787 555 2849 flectere
569 2784 709 2849 Phoebus
723 2805 818 2867 equos
832 2785 967 2849 revoluto
983 2785 1102 2864 cogitur
1116 2784 1199 2847 orbe.

434 2881 551 2934 tantum
566 2872 644 2933 dicta
660 2872 766 2934 valent.
796 2879 951 2935 murorum
965 2871 1084 2932 hamma
1099 2870 1226 2951 quiescit

434 2956 576 3037 virgineis
591 2957 722 3019 extincta
737 2957 839 3032 sacris,
853 2956 1003 3019 Phoebeia
1018 2954 1102 3019 Circe

435 3041 620 3105 carminibus
631 3042 754 3123 magicis
769 3043 868 3105 socios
881 3042 1006 3105 mutavit
1020 3041 1121 3115 Vlixis,

433 3128 560 3190 Proteus
575 3145 640 3190 esse
655 3129 731 3190 solet
745 3127 888 3208 quicquid
903 3126 984 3189 llbet.
1013 3127 1060 3189 his
1074 3146 1130 3208 ego
1145 3128 1257 3189 callens

270 3213 291 3269 b
433 3213 547 3275 artibus
560 3212 663 3275 idaeos
679 3213 803 3275 frutices
815 3214 845 3275 in
862 3214 980 3293 gurgite
994 3212 1094 3274 sistam

434 3307 465 3360 et
479 3315 587 3362 numus
598 3298 704 3360 fluvios
718 3298 750 3359 in
766 3316 885 3360 summo
900 3298 1011 3360 vertice
1026 3294 1156 3377 ponam!

411 3382 552 3447 inhorroi
564 3392 692 3464 egotam
706 3383 841 3447 fabulosa
852 3381 1065 3465 pollicitatione
1076 3381 1267 3455 conterritus,
1278 3371 1453 3441 anum-135

260 3497 263 3512 ·
306 3486 362 3550 que
376 3468 527 3551 inspicere
541 3468 712 3549 diligentius
727 3468 814 3554 coepi

303 3636 397 3721 ‘ergo’
410 3639 554 3701 exclamat
569 3637 724 3701 Oenothea
735 3638 871 3719 ‘imperio
887 3635 999 3718 parete'
1403 3645 1418 3695 t

265 3724 287 3781 ll
303 3723 489 3805 detersisque
502 3724 622 3787 curiose
637 3723 775 3787 manibus
790 3723 944 3786 inclinavit
957 3741 991 3785 se
1004 3722 1037 3784 in
1059 3720 1201 3784 lectulum
1223 3736 1258 3782 ac
1275 3735 1323 3781 me
1338 3737 1385 3781 se·

304 3810 365 3873 mel
379 3810 548 3891 iterumque
562 3808 685 3872 basiavit

392 3978 410 4032 2
426 3978 546 4045 pulvinar
561 3977 685 4045 plerique
697 3978 707 4045 Ι
720 3980 735 4031 b
753 3978 823 4041 anu]
841 3976 874 4028 ad
890 3977 1074 4043 scripserant
1088 3978 1101 4027 7
1118 3976 1295 4040 praemissam
1313 3974 1344 4022 in
1360 3970 1383 4023 t

303 4046 463 4102 Proeelenos
474 4045 508 4099 ad
519 4044 670 4100 henothean
682 4044 843 4099 sacerdotem
858 4042 942 4112 Priapi
957 4045 962 4110 Ι
976 4048 1049 4095 deest
1057 4042 1165 4097 subleva
1174 4041 1217 4092 eet
1226 4039 1315 4092 emite
1326 4056 1383 4091 aare

303 4116 392 4183 ΜΙ
406 4117 438 4170 13
454 4111 570 4177 formare
587 4112 715 4167 medicare
726 4112 737 4181 ΙΙ
753 4115 785 4166 tt
801 4111 1012 4166 adulescentulos
1036 4114 1096 4163 tous
1113 4123 1214 4163 mecum
1230 4107 1341 4161 dormiat
1357 4108 1384 4161 ni

299 4183 380 4238 thu
393 4182 607 4252 morcourt
624 4186 653 4237 rt
666 4180 785 4249 spissatis
799 4181 841 4247 ⁰l
855 4182 889 4233 22
901 4181 991 4233 leones
1001 4177 1047 4302 ΒΒΙ
1060 4181 1091 4232 at
1104 4176 1279 4244 Phoebeaque
1289 4176 1314 4229 t
1323 4176 1334 4246 ΙΙ
1351 4179 1384 4231 29

300 4251 378 4307 valet
390 4249 530 4321 Webliurl
540 4254 572 4305 bd
581 4256 608 4303 et
615 4252 648 4306 at
659 4248 776 4312 sertam
787 4250 889 4317 gurgite
900 4248 975 4317 ponti
986 4252 1013 4299 et
1045 4253 1111 4301 stam
1121 4244 1133 4316 Ι
1145 4247 1177 4299 db
1186 4262 1207 4301 a.
1219 4246 1270 4298 boc
1281 4244 1385 4308 surtu-
