3417 4934
395 492 436 549 20
857 489 1010 544 vernoun

341 664 385 733 28
481 663 605 743 longum
621 672 685 725 erat
698 663 815 744 singola
830 664 976 745 excipere.
1013 665 1113 745 itaque
1127 664 1303 728 intravimus
1321 664 1506 744 balneum,ll.

356 765 370 814 2
392 759 421 813 et
435 749 545 813 sudore
560 750 676 812 calfacti
690 757 844 811 momento
859 749 1003 830 temporis
1024 750 1059 812 ad
1085 751 1221 831 frigidam
1245 750 1370 814 eximus.
1415 753 1472 815 iam

393 836 572 897 Trimalchio
587 843 743 915 unguento
759 836 900 916 perlusus
914 835 1096 915 tergebatur,
1120 855 1180 897 oon
1203 836 1313 911 linteis,
1335 836 1388 899 sed
1409 840 1472 920 pal-

355 936 370 985 3
393 923 439 984 liis
454 939 491 982 ex
505 921 573 983 lana
588 921 760 983 mollissima
776 922 870 986 lactis.
892 928 954 983 tres
968 921 1087 984 interim
1103 922 1268 1004 iatraliptae
1280 922 1310 984 in
1324 942 1471 1003 conspec-

392 1016 426 1071 tu
441 1007 505 1069 eius
520 1006 680 1069 Falernum
701 1005 853 1087 potabant,
874 1003 879 1090 Ι
898 1015 929 1068 ιιι
949 1026 1015 1069 cum
1036 1008 1199 1089 plurimum
1220 1008 1353 1070 rixantes
1373 1010 1501 1073 effen-t

356 1106 371 1157 ι
393 1093 509 1168 dorent,
518 1092 699 1155 Trimalchio
710 1092 769 1155 hoc
779 1111 866 1156 suum
878 1092 1056 1173 propinasse
1066 1092 1194 1156 dicebat
1213 1092 1219 1175 Ι
1237 1093 1506 1163 hincinvolutusll

394 1178 515 1241 coccina
532 1196 660 1260 gausapa
676 1178 819 1240 lecticae
811 1178 970 1259 impositus
985 1187 1030 1241 est
1043 1179 1292 1278 praecedentibos
1313 1179 1472 1260 phaleratis

393 1264 565 1327 cursoribus
581 1272 723 1344 quattuor
736 1271 767 1325 et
780 1263 996 1346 chiramario,
988 1284 1019 1325 m
1032 1282 1093 1344 quo
1109 1264 1272 1327 deliciae
1246 1284 1311 1328 erus
1321 1265 1471 1329 veheban-

356 1361 450 1427 5tur,
466 1368 543 1431 puer
556 1349 683 1425 vetulus,
698 1350 807 1430 lippus,
824 1337 946 1412 domino
961 1350 1183 1413 Trimalchione
1198 1350 1372 1415 deformior.
1402 1370 1470 1414 cum

393 1454 464 1517 ergo
479 1436 658 1509 auferretur,
681 1436 715 1497 ad
732 1446 821 1516 caput
836 1435 901 1498 eius
915 1435 1147 1517 symphoniacus
1161 1455 1230 1498 oum
1245 1437 1377 1499 minimis
1392 1437 1471 1500 tibiis
1489 1447 1506 1497 ιι

393 1521 517 1585 accessit
531 1530 561 1583 et
574 1529 716 1601 tanquam
732 1520 763 1583 in
779 1539 883 1583 aurem
899 1520 1009 1601 aliquid
1025 1529 1141 1584 secreto
1152 1521 1275 1598 diceret,
1289 1529 1353 1583 toto
1364 1522 1471 1585 itinere

393 1608 529 1670 cantavit.

354 1705 369 1753 o
476 1691 632 1773 sequimur
646 1711 702 1754 nos
716 1692 913 1754 admiratione
928 1691 985 1753 iam
1001 1692 1094 1753 saturi
1114 1699 1144 1753 et
1164 1710 1233 1754 cum
1250 1693 1471 1773 Agamemnone

392 1779 429 1841 ad
445 1779 563 1839 ianuam
579 1777 778 1857 pervenimus,
799 1775 803 1859 Ι
822 1778 854 1838 in
870 1777 956 1840 cuius
971 1784 1056 1858 poste
1071 1777 1189 1841 libellus
1201 1786 1265 1840 erat
1276 1796 1345 1840 oum
1357 1778 1414 1841 hac
1424 1780 1469 1841 in·
1485 1793 1506 1846 ll

355 1877 369 1924 ι
392 1864 556 1962 scriptione
570 1863 661 1926 fixus·
678 1863 822 1943 ‘quisquis
837 1881 940 1925 servus
954 1864 1020 1925 sine
1034 1863 1185 1926 dominico
1200 1863 1283 1926 iussu
1297 1865 1377 1927 lonas
1388 1865 1467 1926 exie·
1487 1874 1506 1925 u

356 1961 371 2011 8
392 1950 441 2025 rit,
456 1949 582 2030 accipiet
597 1948 698 2029 plagas
713 1947 855 2010 centum’.
874 1946 907 2030 Ι
899 1968 929 2010 ιιι
947 1948 1026 2010 aditu
1039 1949 1157 2011 autem
1149 1968 1215 2030 rpso
1226 1950 1321 2012 stabat
1332 1949 1506 2016 ostiariuslt

393 2035 629 2135 prasinatus,
588 2034 723 2096 cerasino
739 2034 911 2097 succinctus
926 2034 1059 2113 cingulo,
1074 2043 1164 2115 atque
1179 2035 1209 2096 in
1226 2035 1312 2097 lance
1328 2044 1470 2116 argentea

354 2133 370 2183 9
392 2117 494 2219 pisum·
503 2103 665 2202 purgabat.
703 2139 795 2200 super
809 2119 900 2181 limen
922 2127 1020 2181 autem
1041 2139 1127 2182 cavea
1147 2119 1298 2202 pendebat
1316 2139 1417 2197 aurea,
1438 2121 1467 2184 in

340 2206 450 2287 2thua
465 2205 530 2287 pice
545 2205 624 2267 varia
639 2205 787 2267 intrantes
800 2203 955 2267 salutabat
985 2213 1117 2268 ceterum
1134 2225 1190 2305 ego
1205 2207 1275 2269 dum
1291 2207 1392 2268 omnia
1407 2214 1469 2269 stu·

392 2311 460 2373 peo,
476 2310 572 2372 paene
587 2291 778 2371 resupinatus
794 2308 881 2352 crura
897 2308 961 2352 mea
978 2291 1063 2369 lregi.
1099 2290 1136 2353 ad
1158 2292 1309 2354 sinistram
1325 2292 1407 2354 enim
1422 2293 1467 2355 in·
1487 2302 1506 2352 ιι

393 2376 541 2441 trantibus
557 2396 618 2438 non
635 2377 724 2456 longe
739 2376 776 2439 ab
790 2376 901 2439 ostiarii
914 2376 985 2438 cella
999 2376 1081 2439 canis
1093 2376 1210 2458 ingens,
1225 2387 1331 2440 catena
1342 2378 1469 2452 rinctus,

392 2465 422 2526 in
439 2463 552 2544 pariete
568 2469 630 2525 erat
648 2462 747 2543 pictus
768 2481 920 2544 superque
942 2462 1083 2542 quadrata
1104 2463 1201 2525 littera
1223 2464 1368 2545 scriptum
1390 2468 1469 2526 ‘cave

354 2557 368 2607 ι
390 2548 514 2612 canem’.
559 2557 589 2609 et
612 2548 743 2629 collegae
758 2548 877 2628 quidem
900 2550 959 2611 mei
980 2548 1121 2626 riserunt,
1143 2568 1198 2630 ego
1221 2558 1321 2612 autem
1342 2549 1469 2612 collecto

353 2644 369 2692 3
390 2636 497 2715 spiritu
514 2654 575 2697 non
592 2634 691 2697 destiti
706 2643 803 2696 totum
818 2634 960 2715 parietem
977 2635 1128 2714 persequi.
1165 2644 1343 2697 enatantem
1358 2634 1469 2697 venali·

391 2723 470 2784 cium
485 2739 551 2783 oum
565 2720 658 2783 titulis
673 2720 796 2801 pictum,
813 2721 921 2801 etipse
936 2719 1117 2782 Trimalchio
1133 2720 1286 2801 capillatus
1306 2721 1467 2783 caduceum
1485 2727 1506 2780 ιι

353 2815 369 2864 ι
391 2805 512 2870 tenebat
527 2806 719 2886 Minervaque
734 2805 862 2868 ducente
876 2806 1002 2867 Romam
1017 2805 1156 2866 intrabat
1189 2805 1260 2867 hinc
1276 2805 1468 2884 quemadmo-

391 2893 461 2954 dum
491 2892 662 2953 ratiocinari
691 2890 851 2964 didicisset,
881 2890 1012 2970 denique
1042 2889 1230 2969 dispensator
1259 2892 1355 2954 lactus
1381 2901 1468 2966 essct,

354 2985 369 3034 5
391 2978 490 3040 omnia
506 2977 663 3056 diligenter
678 2976 815 3037 curiosus
828 2975 928 3056 pictor
943 2994 1011 3037 cum
1027 2974 1223 3055 inscriptione
1238 2975 1415 3039 reddiderat
1437 2977 1467 3040 in

390 3063 548 3125 deficiente
571 3079 640 3123 vero
660 3060 717 3122 iam
739 3060 855 3141 porticu
879 3061 1007 3123 levatum
1029 3067 1132 3123 mento
1158 3061 1189 3123 in
1214 3060 1345 3123 tribunal
1369 3063 1468 3125 excel·

352 3158 367 3206 6
389 3168 455 3212 sum
476 3146 641 3209 Mercurius
666 3146 810 3228 rapiebat.
855 3155 973 3228 praesto
999 3153 1063 3209 erat
1087 3146 1221 3209 Fortuna
1247 3166 1344 3210 cornu
1369 3147 1506 3212 abun-a

352 3245 366 3294 ι
390 3234 472 3297 danti
494 3233 615 3313 copiosa
634 3240 666 3295 et
685 3242 747 3295 tres
767 3233 878 3295 Parcae
904 3250 994 3294 aurea
1020 3250 1112 3313 pensa
1137 3240 1324 3313 torquentes.
1368 3235 1468 3297 notavi

391 3321 478 3382 etiam
494 3320 524 3382 in
541 3318 659 3400 portico
674 3335 795 3399 gregem
811 3337 970 3382 cursorum
985 3336 1053 3381 oum
1068 3319 1210 3399 magistro
1224 3338 1257 3382 se
1268 3328 1468 3382 exercentem.

353 3415 542 3488 epraeterea
563 3404 675 3485 grande
697 3404 857 3467 armarium
882 3405 914 3468 io
942 3403 1052 3484 angulo
1074 3404 1141 3480 vidi,
1168 3405 1199 3466 in
1227 3405 1312 3467 cuius
1336 3406 1468 3469 aedicula

391 3500 478 3554 erant
499 3490 590 3552 Lares
611 3490 743 3571 argentei
764 3491 854 3571 positi
869 3489 1053 3570 Venerisque
1076 3490 1196 3569 signum
1215 3509 1417 3554 marmoreum
1439 3501 1469 3554 et

390 3577 474 3658 pyxis
495 3594 584 3639 aurea
606 3595 666 3637 non
690 3575 806 3658 pusilla,
833 3575 865 3638 in
892 3594 950 3656 qua
971 3574 1092 3638 barbam
1115 3577 1208 3659 ipsius
1230 3577 1380 3639 conditam
1402 3584 1506 3641 esses

390 3662 539 3725 dicebant.

353 3846 368 3896 9
475 3834 742 3913 interrogareergo
751 3832 912 3894 atriensem
924 3833 1022 3914 coepi,
1034 3852 1107 3914 quas
1118 3833 1149 3896 in
1162 3833 1260 3895 medio
1272 3832 1404 3913 picturas
1414 3834 1466 3896 ha-

477 4069 660 4123 bbibebaotd
673 4068 682 4136 ΙΙ
697 4068 870 4122 8lerebantur
881 4067 925 4137 bl
942 4072 972 4121 10
982 4084 1039 4121 cum
1062 4068 1173 4120 minimis
1195 4084 1208 4121 s
1210 4067 1419 4149 ymphoniacnsl
1436 4072 1468 4123 16

391 4143 477 4190 antem
496 4155 547 4191 om.
566 4138 668 4218 Llll
687 4138 762 4190 lance
780 4153 833 4192 om.
851 4138 880 4189 H
895 4140 905 4204 l
931 4140 961 4191 ro
979 4138 1011 4190 ad
1034 4138 1119 4189 omnia
1138 4086 1330 4205 Heimtoalll
1348 4135 1409 4189 dein
1426 4140 1470 4189 vel

390 4205 483 4259 deinde
500 4207 590 4273 blldl
610 4206 714 4272 copiosa
732 4208 906 4273 expungeret
924 4206 1033 4259 Goeoiua
1050 4221 1104 4271 quo
1120 4203 1197 4267 sacto
1219 4206 1390 4257 scribendum
1408 4222 1468 4260 cum

387 4290 476 4327 corno.
513 4292 550 4325 an
569 4275 746 4342 conspicuat!
759 4278 792 4331 34
810 4289 979 4328 marmoreum
998 4275 1112 4341 positum
1130 4281 1156 4326 et
1174 4274 1200 4325 11
1210 4272 1220 4343 l
1234 4276 1265 4327 37
1284 4288 1334 4339 ego
1352 4274 1376 4325 l,
