3417 4934
797 1130 810 1191 l

348 1231 471 1295 Seroim
484 1230 524 1295 oti
536 1228 646 1312 Verpt’b’
654 1231 723 1293 Iera
734 1230 789 1294 III
796 1226 853 1295 57:
870 1230 934 1293 auri
945 1247 1029 1293 saera
1040 1228 1147 1379 samael}
1156 1252 1241 1297 saera
1254 1234 1284 1296 id
1300 1244 1346 1299 est

260 1315 448 1381 exeorabilis.
477 1324 591 1378 tractus
613 1324 779 1378 astantem
801 1335 901 1379 sermo
924 1334 960 1376 ex
981 1334 1066 1378 more
1082 1316 1124 1378 Ga
1147 1337 1244 1381 orum.
1275 1338 1344 1383 nam

260 1403 462 1466 Massilienses
483 1402 625 1482 quotiens
646 1401 814 1481 pestilentia
831 1399 1017 1475 laborabant,
1032 1419 1113 1465 unus
1131 1422 1164 1466 se
1179 1423 1216 1466 ex
1230 1422 1345 1503 paupe·

260 1488 345 1553 ribus
360 1486 507 1551 offerebat
520 1485 645 1549 alendus
659 1503 741 1548 anno
752 1486 870 1568 integro
882 1486 1010 1567 publiois
1023 1488 1185 1569 mprobus
1195 1498 1226 1552 et
1240 1491 1346 1589 purio-

260 1574 346 1637 ribus
360 1572 447 1636 olbis.
490 1573 540 1635 hio
561 1581 665 1652 postea
689 1580 813 1635 ornatus
834 1571 975 1635 verbenis
989 1582 1020 1634 at
1033 1572 1165 1638 vestibus
1179 1575 1272 1637 saeris
1287 1576 1344 1638 oir-

260 1657 500 1723 cumtlucebatur
520 1675 576 1739 per
596 1664 689 1718 totam
710 1658 857 1719 civitatem
880 1676 948 1721 oum
971 1658 1227 1736 execrationibus,
1252 1668 1287 1724 ut
1310 1662 1342 1724 in

259 1746 360 1826 ipsum
374 1744 544 1807 reoiderent
570 1742 645 1805 mela
665 1742 759 1805 totius
781 1743 914 1818 civitatis,
930 1743 1019 1806 etsie
1037 1744 1251 1825 proiciebatur.
1286 1747 1345 1809 boe

259 1839 361 1892 autem
377 1829 409 1891 iu
425 1828 568 1891 Petronio
583 1828 694 1890 lectum
709 1836 755 1889 est

793 1996 820 2059 ll

345 2098 468 2166 &relus
482 2100 520 2166 orl
544 2098 652 2180 Vergili
671 2098 740 2161 Aert
758 2096 821 2163 XII
835 2094 899 2162 159
920 2100 953 2161 Ie
965 2100 1109 2178 featiaiaa
1133 2105 1286 2165 nominum
1311 2106 1344 2165 ιἰι

257 2204 317 2250 roa
332 2191 504 2253 mutim
516 2203 635 2266 petam:
649 2183 674 2247 si
685 2195 785 2246 auteur
797 2204 814 2247 a
825 2184 916 2247 verbo
928 2204 990 2248 non
1002 2186 1153 2263 venerint,
1170 2188 1344 2251 eommunia

256 2279 341 2336 sunt.
371 2288 442 2333 nam
456 2271 591 2334 similiter
606 2278 636 2332 et
651 2269 815 2333 masculina
830 2280 861 2332 et
875 2269 1043 2332 feminina
1034 2290 1066 2333 ιιι
1088 2291 1146 2335 non
1166 2282 1288 2349 exeunt,
1309 2283 1344 2336 ut

256 2356 306 2419 hio
321 2356 440 2419 ethaeo
450 2364 581 2436 senator,
596 2356 644 2417 bio
655 2364 684 2417 et
695 2355 767 2416 haee
778 2354 945 2430 balneator,
960 2355 1030 2418 lieet
1042 2356 1201 2421 Petronius
1212 2377 1342 2440 usurpa·

255 2441 333 2504 verit
342 2431 582 2505 ‘balneatricem'
596 2440 699 2503 dicens

784 2557 825 2619 lIl

257 2637 264 2677 ³
344 2660 508 2728 emoneo
522 2661 561 2727 utI
573 2659 683 2725 Horati
694 2663 773 2744 epod.
789 2659 820 2734 5,
836 2657 899 2726 48.-
920 2659 1040 2723 Canidia
1062 2663 1173 2725 rodens
1190 2663 1342 2745 pollicem]

256 2747 394 2812 habitum
416 2758 448 2811 et
468 2756 583 2816 motum
604 2745 742 2809 Canidiae
765 2747 912 2828 expressit
933 2747 1070 2809 furentis.
1122 2748 1283 2811 Petronius
1309 2758 1342 2811 ut

257 2840 443 2897 monstraret
456 2831 617 2907 mmntern,
633 2828 760 2913 ‘polliae'
774 2834 816 2894 ait
831 2838 937 2912 ‘usque
952 2832 987 2894 ad
1002 2832 1170 2913 perieulum
1186 2831 1267 2897 roso'

773 2999 829 3064 IIII

345 3104 485 3170 Sidoniae
506 3102 687 3201 Apollaaora'a
708 3122 847 3167 carmanos
864 3101 983 3168 XXIII:

436 3200 481 3253 145
523 3187 594 3268 quid
610 3207 663 3251 vos
678 3188 789 3269 eloquii
805 3206 910 3251 canam
926 3188 1034 3262 Latini,

523 3274 661 3354 Arpinas,
676 3274 825 3348 Patavina,
841 3272 1025 3336 Mantuane?
1042 3309 1079 3319 -

435 3370 479 3422 tel
520 3368 551 3421 et
564 3367 595 3421 te
608 3358 838 3422 Massiliensium
852 3377 908 3439 per
922 3359 1026 3421 hortos

523 3444 598 3507 sacri
614 3445 732 3525 stipitis,
748 3443 877 3517 Arbiter,
893 3444 1034 3505 colonum

522 3529 764 3611 Hellespontiaco
778 3547 880 3610 parem
896 3526 1027 3610 Priapo?

271 3698 324 3763 Π
344 3623 426 3751 tiengi
442 3628 549 3682 videtur
565 3645 609 3682 rea
627 3645 708 3696 quom
726 3632 869 3683 Petronius
880 3628 1017 3681 Massiliae
1027 3627 1131 3691 saetam
1144 3647 1200 3683 aare
1210 3630 1341 3697 finoeerat,

259 3717 293 3753 e.
317 3717 343 3753 r.

789 3784 813 3842 V

345 3886 516 3950 mnas
536 3888 753 3949 institutionum
780 3881 908 3948 111116
924 3905 956 3966 p
970 3882 1033 3949 381
1057 3898 1085 3948 et
1106 3884 1151 3948 XI
1163 3883 1210 3948 29
1229 3905 1258 3966 p
1275 3881 1341 3950 567

259 3972 379 4036 Heruli
397 3975 479 4035 inter
497 3970 630 4053 eaeaaplu
651 3970 754 4053 pallos
781 3973 986 4053 depommium
1006 3971 1162 4035 verboram
1181 3974 1340 4053 partieipia

257 4060 412 4179 penetrat·
424 4060 562 4139 temporie
572 4061 722 4138 putabam
735 4058 976 4139 aipae'fieota‘oaem
995 4057 1098 4120 babere
1120 4054 1259 4119 declarat:
1283 4057 1339 4119 Pe·

259 4144 378 4207 tronius
393 4141 532 4206 ‘animam
547 4151 653 4205 nostro
667 4144 833 4224 amplexam
848 4140 981 4225 pactore’

344 4240 467 4305 sorellae
481 4239 599 4304 iberita·
586 4258 617 4294 aa
634 4243 790 4295 meametro
808 4246 950 4312 nostroque
968 4244 1112 4312 amplexam
1130 4246 1237 4311 pectore
