3417 4934
332 455 372 515 32
794 452 948 508 ruraumt

295 642 310 694 t
332 631 388 693 hoc
403 629 499 693 solum
513 635 612 691 vetare
628 647 666 690 ne
685 627 762 689 loris
784 634 892 707 potest
929 626 1017 702 rides,
1038 626 1209 711 Fortunata,
1231 646 1309 708 quae
1330 628 1446 693 solean

334 734 381 777 me
396 724 484 777 nocta
499 712 673 775 desomnem
688 711 809 775 lacere?
837 730 894 774 nec
908 721 1007 773 tarnen
1024 712 1054 773 iu
1070 712 1200 774 triclinio
1216 713 1310 775 ullum
1321 724 1411 777 vetuo

334 803 432 864 iacere
443 800 523 880 quod
538 819 570 863 se
584 800 673 875 iuret,
690 808 719 860 et
734 798 840 861 medici
851 807 952 860 vetant
967 798 1132 860 continere.
1158 799 1204 860 vel
1219 799 1244 862 si
1259 800 1333 879 quid
1344 800 1411 880 plus

334 887 424 961 venit,
440 886 539 948 omnia
555 886 635 948 foras
650 894 751 965 parata
765 894 852 947 sunt:
875 902 960 963 aqua,
979 883 1073 946 lasani
1088 893 1118 946 et
1132 893 1231 946 cetera
1247 885 1411 947 minutalia.

297 985 312 1034 6
334 971 446 1035 credite
470 971 553 1046 mihi,
578 970 787 1052 anathymiasis
811 970 842 1032 in
870 970 1026 1031 cerebrum
1051 970 1075 1030 it
1096 979 1127 1031 et
1144 969 1176 1031 in
1197 979 1261 1032 toto
1283 981 1440 1052 corporet
1463 1039 1464 1046 ,

336 1060 458 1121 fluctum
478 1056 556 1119 lacit.
594 1056 702 1119 multos
723 1056 785 1119 scio
806 1056 848 1117 sic
870 1056 1003 1135 periisse,
1024 1055 1093 1116 dum
1115 1056 1224 1118 nolunt
1237 1056 1293 1119 sibi
1310 1074 1412 1119 rarum

298 1159 312 1207 t
335 1142 452 1209 dicare’.
480 1142 588 1222 gratias
604 1142 718 1222 agimus
732 1141 897 1203 liberalitati
912 1140 1174 1221 indulgentiaeque
1197 1141 1271 1215 eius,
1292 1150 1324 1204 et
1343 1142 1413 1206 sub-

300 1242 315 1294 8
338 1228 407 1291 inde
425 1228 603 1308 castigamus
624 1227 740 1291 crebris
759 1227 942 1307 potiunculis
963 1226 1066 1289 risum.
1105 1245 1161 1288 nec
1182 1227 1278 1290 adbuc
1298 1226 1413 1291 scieba-

339 1333 404 1377 mus
419 1334 475 1376 nos
488 1314 519 1376 in
535 1314 634 1376 medio
648 1314 838 1394 lautitiarum,
859 1313 938 1392 quod
955 1313 1048 1382 aiunt,
1070 1312 1145 1396 clivo
1160 1312 1307 1375 laborare.
1346 1331 1414 1376 nam

339 1419 407 1463 cum
419 1399 571 1462 mundatis
582 1399 617 1460 ad
629 1399 836 1480 symphoniam
847 1398 959 1460 mensis
970 1408 1031 1459 tres
1046 1397 1104 1459 albi
1117 1416 1187 1460 sues
1201 1398 1232 1460 in
1248 1399 1413 1461 triclinium
1432 1405 1453 1458 u

339 1485 457 1548 adducti
468 1495 540 1548 sunt
551 1485 688 1565 capistris
699 1495 728 1546 et
738 1483 949 1546 tintinnabulis
960 1483 1041 1554 culti,
1054 1501 1182 1563 quorum
1192 1503 1286 1546 unum
1302 1484 1416 1548 bimum

341 1571 569 1635 nomenculator
588 1590 653 1633 esse
675 1570 802 1645 dicebat,
827 1570 952 1631 alterum
974 1570 1106 1643 trimum,
1126 1571 1246 1631 tertium
1267 1589 1339 1632 vero
1359 1571 1416 1632 iam

302 1669 317 1720 9
339 1675 511 1729 sexennem,
527 1674 583 1735 ego
598 1656 738 1737 putabam
758 1654 983 1737 petauristarios
1003 1655 1130 1717 intrasse
1150 1664 1181 1717 et
1200 1673 1320 1736 porcos,
1342 1656 1419 1719 sicut

289 1755 317 1806 10
339 1744 370 1806 iu
387 1742 507 1804 circulis
521 1761 587 1804 mos
601 1749 655 1815 est,
670 1751 808 1823 portenta
824 1741 921 1821 aliqua
935 1742 1083 1816 lactur0s3
1104 1742 1155 1803 sed
1172 1741 1352 1803 Trimalchio
1367 1760 1418 1804 ex-

340 1828 508 1909 pectatione
523 1827 654 1889 discussa
670 1826 777 1907 ‘quem'
792 1826 893 1906 iuquit
912 1832 958 1888 ‘ax
973 1828 1017 1889 eis
1036 1826 1125 1887 vultis
1145 1828 1175 1888 in
1192 1845 1297 1889 cenarn
1319 1828 1417 1890 statim
1437 1833 1459 1885 u

340 1911 428 1975 lieri?
454 1913 564 1993 gallum
581 1913 661 1974 enim
677 1913 883 1993 gallinaceum,
904 1912 1095 1994 penthiacum
1110 1921 1141 1973 et
1155 1912 1300 1974 eiusmodi
1317 1912 1420 1975 nenias

341 1998 443 2062 rustici
459 1998 587 2060 faciunt:
604 1998 662 2059 mei
677 1998 740 2060 coci
756 1998 844 2060 etiam
859 1998 967 2059 vitulos
981 2016 1058 2059 aeno
1073 2006 1175 2059 coctos
1190 1997 1289 2060 solent
1302 1996 1420 2060 facere'.

293 2097 320 2147 11
343 2085 549 2165 continuoque
574 2102 682 2145 cocum
701 2084 799 2146 vocari
827 2083 922 2159 iussit,
949 2092 980 2145 ct
1004 2102 1067 2145 non
1094 2092 1247 2163 expectata
1273 2083 1422 2145 electione

344 2178 444 2232 nostra
460 2170 619 2232 maximum
637 2179 710 2231 natu
723 2169 809 2232 iussit
824 2168 930 2242 occidi,
952 2178 982 2230 et
996 2170 1074 2230 clara
1089 2187 1178 2231 vocer
1198 2174 1244 2231 ‘ex
1264 2178 1355 2248 quota
1370 2168 1421 2231 de·

292 2267 320 2317 12
342 2256 424 2319 curia
439 2252 503 2318 es‘l'
540 2273 607 2317 cum
623 2255 673 2317 ille
688 2273 720 2316 se
735 2273 771 2316 ex
786 2253 1010 2334 quadragesima
1025 2254 1239 2335 respondisset,
1255 2255 1423 2335 ‘empticius
1440 2261 1464 2314 bt

343 2340 393 2405 an'
406 2341 505 2420 inquit
519 2340 607 2402 ‘domi
624 2338 742 2402 natus‘l’
772 2339 932 2402 ‘neutrum’
947 2340 1045 2420 inquit
1060 2358 1152 2403 cocus
1166 2340 1229 2402 ‘sed
1243 2348 1423 2402 testamento

293 2440 321 2491 13
344 2428 456 2489 Pansae
472 2425 525 2488 tibi
545 2425 668 2489 relictus
688 2426 775 2489 sum'
811 2426 887 2487 ‘ride
905 2425 988 2505 ergo’
1007 2426 1047 2487 ait
1068 2431 1111 2487 ‘ut
1131 2425 1291 2506 diligenter
1312 2443 1423 2507 ponas3

344 2514 369 2577 si
385 2531 458 2587 nnn,
473 2521 503 2575 te
518 2511 627 2574 iubebo
644 2512 674 2573 in
690 2511 842 2574 decuriam
865 2510 1010 2573 viatorum
1031 2510 1148 2577 conici’
1181 2520 1212 2573 et
1233 2529 1341 2573 cocum
1357 2511 1426 2591 qui·

293 2596 414 2666 48dem
430 2599 580 2679 potentiae
598 2599 784 2661 admonitum
805 2599 837 2660 in
859 2598 988 2660 culinam
1010 2597 1168 2659 obsonium
1190 2597 1282 2669 duxit,
1296 2596 1424 2658 Trimal·

346 2684 413 2748 chio
428 2695 525 2747 autem
541 2684 605 2747 miti
619 2684 654 2745 ad
672 2704 727 2747 nos
742 2685 823 2746 vultu
839 2683 970 2763 respexit
991 2691 1022 2744 et
1042 2681 1163 2744 ‘riuum'
1183 2682 1283 2762 inquit
1302 2682 1338 2745 ‘si
1360 2702 1423 2745 nnn
1442 2691 1465 2743 a

308 2784 323 2833 2
346 2772 452 2852 placet,
467 2769 589 2832 mutabo
598 2788 607 2846 ;
622 2789 675 2833 ros
689 2770 762 2832 illud
777 2778 897 2851 oportet
912 2768 1025 2830 bonum
1041 2768 1164 2830 faciatis.
1190 2769 1315 2830 deorum
1330 2768 1425 2831 bene·

346 2858 414 2919 licio
437 2876 499 2918 nou
522 2875 598 2931 emo,
625 2856 677 2917 sed
697 2874 780 2917 nunc
799 2854 940 2934 quicquid
959 2854 994 2914 ad
1017 2854 1136 2916 salivam
1157 2854 1237 2927 lacit,
1259 2854 1290 2915 in
1314 2854 1425 2916 subur·

347 2944 426 3004 bano
447 2942 579 3003 nascitur
600 2959 646 3015 eo,
674 2942 752 3020 quod
773 2959 829 3020 ego
851 2940 948 3001 adhuc
970 2958 1032 3000 non
1056 2939 1134 3003 novi.
1170 2939 1279 3001 dicitur
1304 2941 1426 3002 conflne

309 3040 324 3090 3
346 3046 411 3091 esse
433 3025 708 3089 Tarraciniensibus
732 3036 762 3087 et
782 3025 960 3089 Tarentinis.
1004 3045 1086 3088 nunc
1112 3024 1298 3105 coniungere
1323 3024 1426 3104 agellis

348 3112 477 3175 Siciliam
494 3112 573 3186 volo,
594 3120 629 3173 ut
648 3130 717 3174 cum
735 3112 863 3174 Africam
888 3111 1007 3174 libuerit
1026 3112 1080 3185 ire,
1102 3129 1157 3191 per
1178 3128 1260 3173 meos
1280 3112 1356 3172 dues
1372 3118 1465 3173 nnat

310 3212 325 3261 4
346 3200 452 3279 vigam.
489 3198 540 3260 sed
567 3216 655 3259 narra
681 3207 714 3260 tu
740 3197 823 3270 mihi,
847 3202 1062 3278 Agamemnon,
1084 3215 1172 3276 quam
1192 3196 1426 3259 controversiam

348 3283 437 3347 bodie
452 3282 645 3346 declamasti?
678 3303 734 3364 ego
750 3284 838 3345 ctiam
854 3284 878 3345 si
894 3301 997 3345 causas
1013 3301 1074 3344 non
1090 3301 1156 3363 ago,
1171 3283 1201 3344 in
1218 3282 1427 3344 domusionem

350 3381 449 3433 tamen
464 3370 577 3432 litteras
591 3370 689 3432 didici.
711 3379 741 3431 et
756 3389 795 3431 ne
810 3387 858 3430 me
873 3378 961 3449 putes
975 3368 1070 3429 studia
1085 3367 1256 3441 fastiditum,
1272 3366 1300 3429 ll
1311 3366 1429 3448 byblio-

349 3457 450 3519 thecas
471 3455 576 3527 babeo,
603 3474 692 3517 unam
715 3455 867 3529 Graecam,
894 3454 1016 3516 alteram
1037 3455 1182 3515 Latinam.
1219 3453 1267 3514 dic
1293 3471 1376 3532 ergo,
1403 3453 1429 3515 si

312 3554 327 3603 a
350 3561 398 3605 ma
412 3559 501 3615 amas,
517 3541 683 3621 peristasim
699 3541 923 3602 declamationis
937 3539 1025 3601 tuae’.
1054 3558 1122 3601 cum
1138 3539 1260 3602 dixisset
1270 3539 1428 3618 Agamem·
1447 3546 1465 3596 a

352 3648 430 3690 non:
457 3631 582 3707 ‘pauper
600 3636 631 3689 et
653 3627 733 3689 dives
754 3626 867 3688 inimici
887 3625 992 3701 erant’,
1018 3626 1059 3686 ait
1078 3624 1258 3687 Trimalchio
1279 3623 1361 3705 ‘quid
1384 3634 1431 3686 est

351 3710 496 3795 pauper‘l‘
527 3711 662 3775 ‘urbane’
684 3712 783 3791 inquit
796 3715 1001 3793 Agamemnon
1023 3722 1051 3772 et
1073 3711 1175 3772 nescio
1197 3728 1285 3790 quam
1301 3719 1429 3772 contro-

314 3812 330 3861 6
350 3800 473 3862 versiam
489 3799 634 3878 exposuit
672 3799 771 3860 statim
786 3797 964 3860 Trimalchio
981 3796 1058 3859 ‘hoc‘
1073 3796 1171 3876 inquit
1191 3792 1226 3858 ‘si
1240 3797 1351 3858 lactum
1374 3804 1429 3870 est,

314 3899 328 3947 r
352 3885 552 3948 controversia
568 3902 630 3945 non
647 3893 705 3962 est;
722 3885 747 3945 si
762 3885 873 3945 lactum
889 3903 950 3945 non
967 3891 1021 3956 est,
1037 3882 1111 3944 nibil
1125 3882 1189 3944 est’.
1218 3882 1292 3943 baec
1313 3881 1430 3961 aliaque

352 3990 420 4034 cum
433 3969 615 4032 effusissimis
624 3987 877 4051 prosequeremur
887 3967 1114 4044 laudationibus,
1126 3966 1220 4048 ‘rogo’
1231 3967 1330 4047 inquit
1342 3970 1430 4047 ‘Aga-
1450 3973 1465 4024 r

422 4110 434 4158 l
456 4120 503 4159 nec
521 4105 645 4185 limacius
658 4104 673 4185 ΙΙΙ
691 4106 706 4157 2
722 4103 795 4185 yetul
811 4102 822 4170 l
841 4106 857 4157 9
877 4101 1008 4187 (1¹¹⁰l119
1027 4102 1216 4155 commundatis
1233 4100 1382 4167 Heinsius!
1398 4104 1429 4154 ta

352 4172 465 4294 libid
477 4171 1125 4310 lh'titi'tttlr‘t‘ltttl't'lt‘hlthl
1140 4170 1430 4308 litttt‘htltt
