3417 4934
633 479 838 536 FRAGMENTA

667 651 801 715 XXVllll

291 753 400 815 fallunt
415 772 472 815 nos
488 754 577 828 oculi,
593 755 718 834 vagique
733 774 839 817 sensus

293 857 437 919 oppressa
452 840 570 901 ratione
583 840 781 902 mentiuntur.

294 942 362 985 nam
377 925 480 999 turris,
494 942 591 1005 prope
605 943 683 1005 quae
698 926 840 1004 quadrata
855 927 961 1007 surgit,

293 1010 408 1072 detritis
423 1010 530 1089 procul
545 1010 663 1090 angulis
677 1019 802 1072 rotatur.

247 1106 255 1154 5
293 1094 459 1175 Hyblaeum
475 1096 586 1175 refugit
600 1104 683 1158 satur
697 1096 855 1177 liquorem,

293 1188 323 1241 et
338 1182 420 1242 naris
435 1181 544 1243 casiam
559 1182 735 1259 frequenter
750 1182 821 1243 odit.

290 1266 347 1327 hoc
363 1265 414 1327 illo
430 1268 524 1345 magis
539 1275 590 1327 aut
604 1266 706 1328 minus
720 1266 839 1346 placere

292 1370 354 1413 non
369 1360 482 1431 posset,
498 1352 556 1414 nisi
570 1351 622 1413 lite
637 1352 783 1413 destinata

292 1444 466 1516 pugnarent
480 1436 571 1498 dubio
585 1447 694 1498 tenore
708 1456 816 1499 sensus

279 1522 294 1572 6
310 1520 389 1572 maris

695 1621 774 1684 XXX

293 1726 420 1799 somnia,
436 1742 513 1805 quac
527 1733 645 1786 mentes
660 1724 769 1786 ludunt
782 1724 976 1787 volitantibus
991 1723 1115 1800 umbris,

292 1830 353 1873 non
371 1810 495 1872 delubra
510 1809 599 1871 deum
616 1828 673 1872 nec
688 1809 725 1871 ab
740 1809 862 1871 aethere
876 1812 1001 1872 numina
1015 1811 1148 1886 mittunt,

292 1896 343 1958 sed
359 1895 417 1957 sibi
431 1896 559 1975 quisque
573 1894 653 1957 lacit.
683 1913 752 1956 nam
769 1913 837 1957 cum
854 1904 1002 1975 prostrata
1017 1916 1128 1977 sopore

293 1990 403 2062 urguet
419 1980 551 2042 membra
568 1980 654 2061 quies
670 1988 700 2041 ct
715 1999 800 2042 mens
815 1982 883 2043 sine
898 1983 1034 2062 pondere
1047 1981 1134 2065 ludit,

247 2076 255 2125 5
292 2065 435 2147 quicquid
450 2066 518 2128 luce
533 2065 599 2140 luit,
615 2064 751 2127 tenebris
766 2065 837 2145 agit.
862 2067 970 2147 oppida
985 2067 1065 2130 hello

293 2153 343 2233 qui
359 2151 454 2231 quatit
469 2161 500 2213 et
513 2150 640 2212 flammis
655 2150 840 2213 miserandas
855 2152 936 2213 cruit
948 2151 1050 2228 urbes,

291 2239 348 2300 tela
364 2238 443 2299 ridet
458 2254 617 2315 versasque
633 2236 711 2297 acies
726 2247 757 2299 et
771 2238 878 2298 lunera
893 2255 999 2317 regum

292 2332 381 2404 atque
397 2323 584 2384 exundantes
597 2321 722 2404 profuso
739 2322 887 2401 sanguine
903 2341 1035 2405 campos.

292 2409 343 2489 qui
359 2426 462 2470 causas
478 2425 565 2468 orare
579 2407 687 2482 solent,
703 2408 844 2487 legesque
861 2408 1020 2489 lorumque

247 2502 257 2551 t
296 2502 325 2555 et
340 2494 437 2573 paridi
452 2499 583 2554 cernunt
597 2492 746 2554 inclusum
762 2493 867 2554 chorte
883 2494 1024 2555 tribunal.

294 2578 397 2640 condit
411 2596 517 2639 avarus
532 2596 605 2657 opes
621 2577 834 2657 defossumque
848 2578 963 2640 invenit
977 2596 1093 2652 aunam.

292 2671 417 2725 venator
430 2663 522 2726 saltus
537 2662 663 2724 canibus
678 2663 783 2741 quatit.
806 2661 896 2742 eripit
909 2664 1000 2726 undis

293 2758 343 2811 aut
357 2749 468 2829 premit
482 2766 613 2810 eversam
629 2750 781 2827 periturus
797 2748 894 2809 navita
908 2766 1053 2830 puppem.

293 2833 397 2896 scribit
411 2833 537 2895 amatori
552 2833 702 2906 meretrix,
718 2833 768 2894 dat
783 2834 916 2895 adultera
931 2853 1050 2897 munus.
1167 2857 1170 2862 ’

247 2929 255 2977 5
295 2915 337 3006 [ct
351 2920 434 2981 canis
450 2920 482 2981 in
498 2919 613 2981 somnis
628 2918 741 2998 leporis
755 2918 879 2998 vestigia
894 2914 992 3005 latrat]

293 3006 323 3066 in
341 3005 439 3066 noctis
453 3004 583 3084 spatium
597 3007 775 3066 miserorum
789 3005 913 3067 vulnera
928 3006 1038 3069 durant

281 3106 312 3160 to
331 3103 431 3172 cordcll
446 3107 477 3159 ld
494 3104 589 3158 lustrat
605 3105 780 3157 Burmannus

677 3257 792 3321 XXXl*

293 3360 395 3423 ludica
411 3378 564 3443 purpureo
580 3360 686 3441 genuit
699 3379 748 3421 me
762 3360 850 3422 litore
865 3359 964 3433 tellus,

337 3447 481 3510 candidus
496 3464 623 3508 accenso
640 3464 698 3525 qua
712 3445 791 3507 redit
805 3445 880 3507 orbe
894 3445 968 3507 dies.

292 3532 341 3593 hic
356 3550 414 3612 ego
431 3532 548 3595 divinos
561 3532 642 3593 inter
656 3540 818 3611 generatus
832 3532 965 3593 honores

336 3618 446 3681 mutari
461 3618 546 3680 Latio
562 3615 686 3678 barbara
702 3616 792 3679 verba
807 3635 895 3678 sono.

247 3713 250 3758 t
292 3703 351 3764 iam
367 3704 481 3766 dimitte
496 3712 575 3778 tuos,
590 3702 688 3764 Paean
706 3722 723 3763 o
740 3702 893 3782 Delphice,
908 3718 1035 3783 cygnos:

335 3788 457 3868 dignior
469 3790 543 3851 haec
558 3807 615 3850 von
631 3797 676 3850 est
691 3806 768 3867 quae
783 3797 834 3849 tua
848 3788 960 3867 templa
975 3787 1054 3849 colat

277 3905 342 3955 ltuio
364 3908 482 3956 carmini
503 3910 531 3956 el
550 3907 723 3971 sequentibus
744 3906 867 3956 Petronii
888 3920 986 3955 nomen
1012 3904 1142 3956 wadios
1163 3903 1276 3955 dinetus

247 3976 360 4039 epomit,
377 3977 510 4025 incertum
527 3978 621 4025 utrum
642 3974 762 4025 codicem
778 3988 858 4024 mum
879 3976 1003 4024 imitatam
1020 3987 1057 4023 an
1074 3972 1148 4037 quod
1166 3986 1276 4023 carmen

247 4041 337 4122 codice
359 4041 409 4093 illo
431 4043 593 4109 praecedens
620 4040 667 4107 (fr.
689 4039 788 4108 XXVI)
809 4043 936 4093 Petronio
963 4041 1107 4107 adamnan·
1131 4040 1238 4091 viderat
1259 4056 1276 4090 a

247 4114 392 4230 g''XurXrloet
414 4177 588 4230 Burmannus
600 4177 640 4246 113
663 4178 696 4230 de
719 4177 860 4243 elephanto
883 4176 961 4230 belna
983 4176 1085 4230 divinos
1108 4174 1176 4230 inter
1197 4191 1275 4244 gene·

247 4262 262 4299 r
279 4244 376 4299 odores
392 4247 560 4299 Dracontius
577 4248 610 4299 de
627 4247 676 4299 deo
694 4246 710 4299 l
718 4248 771 4300 toa

1091 4327 1134 4385 ψ
