<?xml version="1.0" encoding="UTF-8"?>
<!DOCTYPE html PUBLIC "-//W3C//DTD XHTML 1.0 Transitional//EN"
    "http://www.w3.org/TR/xhtml1/DTD/xhtml1-transitional.dtd">
<html xmlns="http://www.w3.org/1999/xhtml" xml:lang="en" lang="en">
 <head>
  <title>
</title>
<meta http-equiv="Content-Type" content="text/html;charset=utf-8" />
  <meta name='ocr-system' content='tesseract 3.04.00' />
  <meta name='ocr-capabilities' content='ocr_page ocr_carea ocr_par ocr_line ocrx_word'/>
</head>
<body>
  <div class='ocr_page' id='page_1' title='image "./petroniisaturae00varrgoog_0259.png"; bbox 0 0 3417 4934; ppageno 0'>
   <div class='ocr_carea' id='block_1_1' title="bbox 298 1097 1342 1339">
    <p class='ocr_par' dir='ltr' id='par_1_1' title="bbox 298 1097 1342 1339">
     <span class='ocr_line' id='line_1_1' title="bbox 298 1097 1342 1185; baseline 0.003 -3"><span class='ocrx_word' id='word_1_1' title='bbox 298 1097 633 1182; x_wconf 77' lang='lat' dir='ltr'><strong>SArVRARVM</strong></span> <span class='ocrx_word' id='word_1_2' title='bbox 659 1099 911 1182; x_wconf 80' lang='lat' dir='ltr'><strong>ALIARVM</strong></span> <span class='ocrx_word' id='word_1_3' title='bbox 937 1100 1342 1185; x_wconf 75' lang='lat' dir='ltr'><strong>rssLuSIARVMvu</strong></span> 
     </span>
     <span class='ocr_line' id='line_1_2' title="bbox 716 1252 926 1339; baseline 0 -2"><span class='ocrx_word' id='word_1_4' title='bbox 716 1252 926 1339; x_wconf 81' lang='lat' dir='ltr'>INDIOIA</span> 
     </span>
    </p>
   </div>
   <div class='ocr_carea' id='block_1_2' title="bbox 366 1472 1363 1652">
    <p class='ocr_par' dir='ltr' id='par_1_2' title="bbox 366 1472 1363 1652">
     <span class='ocr_line' id='line_1_3' title="bbox 819 1472 829 1527; baseline 0 0"><span class='ocrx_word' id='word_1_5' title='bbox 819 1472 829 1527; x_wconf 94' lang='lat' dir='ltr'><strong>l</strong></span> 
     </span>
     <span class='ocr_line' id='line_1_4' title="bbox 366 1566 1363 1652; baseline 0 -21"><span class='ocrx_word' id='word_1_6' title='bbox 366 1568 524 1631; x_wconf 77' lang='lat' dir='ltr'><strong><em>Suetonius</em></strong></span> <span class='ocrx_word' id='word_1_7' title='bbox 538 1569 572 1630; x_wconf 81' lang='lat' dir='ltr'><strong>de</strong></span> <span class='ocrx_word' id='word_1_8' title='bbox 585 1571 783 1646; x_wconf 78' lang='lat' dir='ltr'><strong>prommatieis</strong></span> <span class='ocrx_word' id='word_1_9' title='bbox 794 1566 854 1634; x_wconf 86' lang='lat'><strong>15:</strong></span> <span class='ocrx_word' id='word_1_10' title='bbox 868 1570 1006 1631; x_wconf 82' lang='lat' dir='ltr'>Lenaeus</span> <span class='ocrx_word' id='word_1_11' title='bbox 1017 1570 1117 1651; x_wconf 77' lang='lat' dir='ltr'><strong>llugni</strong></span> <span class='ocrx_word' id='word_1_12' title='bbox 1132 1569 1256 1652; x_wconf 81' lang='lat' dir='ltr'><strong>Pompei</strong></span> <span class='ocrx_word' id='word_1_13' title='bbox 1271 1569 1363 1631; x_wconf 89' lang='lat' dir='ltr'><strong>liber·</strong></span> 
     </span>
    </p>
   </div>
   <div class='ocr_carea' id='block_1_3' title="bbox 278 1654 1364 1994">
    <p class='ocr_par' dir='ltr' id='par_1_3' title="bbox 278 1654 1364 1994">
     <span class='ocr_line' id='line_1_5' title="bbox 279 1654 1364 1734; baseline 0.002 -18"><span class='ocrx_word' id='word_1_14' title='bbox 279 1664 393 1719; x_wconf 87' lang='lat' dir='ltr'><strong>tus...</strong></span> <span class='ocrx_word' id='word_1_15' title='bbox 409 1663 493 1715; x_wconf 84' lang='lat' dir='ltr'><strong>tanto</strong></span> <span class='ocrx_word' id='word_1_16' title='bbox 509 1671 611 1714; x_wconf 84' lang='lat' dir='ltr'><strong>aurore</strong></span> <span class='ocrx_word' id='word_1_17' title='bbox 623 1670 692 1733; x_wconf 82' lang='lat' dir='ltr'><strong>erga</strong></span> <span class='ocrx_word' id='word_1_18' title='bbox 707 1655 826 1734; x_wconf 84' lang='lat' dir='ltr'><strong>patroni</strong></span> <span class='ocrx_word' id='word_1_19' title='bbox 841 1656 1015 1717; x_wconf 81' lang='lat' dir='ltr'><strong>memorium</strong></span> <span class='ocrx_word' id='word_1_20' title='bbox 1029 1654 1135 1730; x_wconf 69' lang='lat' dir='ltr'><strong>extitit,</strong></span> <span class='ocrx_word' id='word_1_21' title='bbox 1146 1664 1180 1716; x_wconf 89' lang='lat' dir='ltr'><strong>ut</strong></span> <span class='ocrx_word' id='word_1_22' title='bbox 1191 1654 1364 1717; x_wconf 83' lang='lat' dir='ltr'>Sallustium</span> 
     </span>
     <span class='ocr_line' id='line_1_6' title="bbox 279 1738 1363 1822; baseline 0.002 -23"><span class='ocrx_word' id='word_1_23' title='bbox 279 1740 467 1811; x_wconf 87' lang='lat' dir='ltr'><strong>historicum,</strong></span> <span class='ocrx_word' id='word_1_24' title='bbox 484 1738 564 1819; x_wconf 89' lang='lat' dir='ltr'><strong>quod</strong></span> <span class='ocrx_word' id='word_1_25' title='bbox 579 1756 649 1800; x_wconf 91' lang='lat' dir='ltr'><strong>eum</strong></span> <span class='ocrx_word' id='word_1_26' title='bbox 665 1740 726 1801; x_wconf 87' lang='lat' dir='ltr'><strong>oris</strong></span> <span class='ocrx_word' id='word_1_27' title='bbox 739 1741 839 1821; x_wconf 74' lang='lat' dir='ltr'><strong>probi,</strong></span> <span class='ocrx_word' id='word_1_28' title='bbox 853 1742 955 1803; x_wconf 81' lang='lat' dir='ltr'><strong>animo</strong></span> <span class='ocrx_word' id='word_1_29' title='bbox 970 1740 1173 1803; x_wconf 82' lang='lat' dir='ltr'><strong>inverecundo</strong></span> <span class='ocrx_word' id='word_1_30' title='bbox 1184 1742 1363 1822; x_wconf 76' lang='lat' dir='ltr'><strong>scripsisset,</strong></span> 
     </span>
     <span class='ocr_line' id='line_1_7' title="bbox 278 1823 1364 1899; baseline 0.002 -14"><span class='ocrx_word' id='word_1_31' title='bbox 278 1824 469 1887; x_wconf 84' lang='lat' dir='ltr'><strong>acerbissima</strong></span> <span class='ocrx_word' id='word_1_32' title='bbox 499 1832 597 1885; x_wconf 81' lang='lat' dir='ltr'><strong>sutura</strong></span> <span class='ocrx_word' id='word_1_33' title='bbox 627 1823 812 1899; x_wconf 76' lang='lat' dir='ltr'><strong>laceraverit,</strong></span> <span class='ocrx_word' id='word_1_34' title='bbox 835 1826 999 1890; x_wconf 83' lang='lat' dir='ltr'><strong>lasteurunr</strong></span> <span class='ocrx_word' id='word_1_35' title='bbox 1020 1835 1050 1888; x_wconf 92' lang='lat' dir='ltr'><strong>et</strong></span> <span class='ocrx_word' id='word_1_36' title='bbox 1079 1826 1235 1888; x_wconf 88' lang='lat' dir='ltr'><strong>lurconem</strong></span> <span class='ocrx_word' id='word_1_37' title='bbox 1257 1835 1287 1888; x_wconf 88' lang='lat' dir='ltr'><strong>et</strong></span> <span class='ocrx_word' id='word_1_38' title='bbox 1309 1844 1364 1887; x_wconf 90' lang='lat' dir='ltr'><strong>ue·</strong></span> 
     </span>
     <span class='ocr_line' id='line_1_8' title="bbox 278 1909 1363 1994; baseline 0.001 -22"><span class='ocrx_word' id='word_1_39' title='bbox 278 1910 423 1973; x_wconf 87' lang='lat' dir='ltr'><strong>bulonem</strong></span> <span class='ocrx_word' id='word_1_40' title='bbox 446 1911 690 1992; x_wconf 88' lang='lat' dir='ltr'><strong>popinoncmque</strong></span> <span class='ocrx_word' id='word_1_41' title='bbox 712 1909 868 1991; x_wconf 83' lang='lat' dir='ltr'><strong>appellens</strong></span> <span class='ocrx_word' id='word_1_42' title='bbox 883 1922 915 1974; x_wconf 85' lang='lat' dir='ltr'><strong>et</strong></span> <span class='ocrx_word' id='word_1_43' title='bbox 932 1912 989 1974; x_wconf 84' lang='lat' dir='ltr'><strong>rita</strong></span> <span class='ocrx_word' id='word_1_44' title='bbox 1009 1912 1190 1994; x_wconf 82' lang='lat' dir='ltr'><strong>scriptisque</strong></span> <span class='ocrx_word' id='word_1_45' title='bbox 1211 1920 1363 1974; x_wconf 89' lang='lat' dir='ltr'><strong>monstro·</strong></span> 
     </span>
    </p>
   </div>
   <div class='ocr_carea' id='block_1_4' title="bbox 278 1996 1471 2083">
    <p class='ocr_par' dir='ltr' id='par_1_4' title="bbox 278 1996 1471 2083">
     <span class='ocr_line' id='line_1_9' title="bbox 278 1996 1471 2083; baseline 0.001 -25"><span class='ocrx_word' id='word_1_46' title='bbox 278 2014 362 2067; x_wconf 82' lang='lat' dir='ltr'><strong>sum,</strong></span> <span class='ocrx_word' id='word_1_47' title='bbox 386 2005 538 2076; x_wconf 84' lang='lat' dir='ltr'><strong>praetereo</strong></span> <span class='ocrx_word' id='word_1_48' title='bbox 564 1996 732 2075; x_wconf 91' lang='lat' dir='ltr'><strong>priscorum</strong></span> <span class='ocrx_word' id='word_1_49' title='bbox 763 1996 885 2060; x_wconf 82' lang='lat' dir='ltr'><strong>Catonis</strong></span> <span class='ocrx_word' id='word_1_50' title='bbox 913 1997 1075 2059; x_wconf 85' lang='lat' dir='ltr'><strong>verborum</strong></span> <span class='ocrx_word' id='word_1_51' title='bbox 1097 1997 1363 2083; x_wconf 87' lang='lat' dir='ltr'><strong>ineruditissimum</strong></span> <span class='ocrx_word' id='word_1_52' title='bbox 1468 2035 1471 2042; x_wconf 89' lang='lat'>-</span> 
     </span>
    </p>
   </div>
   <div class='ocr_carea' id='block_1_5' title="bbox 279 2082 845 2227">
    <p class='ocr_par' dir='ltr' id='par_1_5' title="bbox 279 2082 845 2227">
     <span class='ocr_line' id='line_1_10' title="bbox 279 2082 386 2144; baseline -0.009 -2"><span class='ocrx_word' id='word_1_53' title='bbox 279 2082 386 2144; x_wconf 86' lang='lat' dir='ltr'><strong>iurem.</strong></span> 
     </span>
     <span class='ocr_line' id='line_1_11' title="bbox 794 2163 845 2227; baseline -0.039 0"><span class='ocrx_word' id='word_1_54' title='bbox 794 2163 845 2227; x_wconf 81' lang='lat' dir='ltr'><strong>ll*</strong></span> 
     </span>
    </p>
   </div>
   <div class='ocr_carea' id='block_1_6' title="bbox 279 2280 1365 2446">
    <p class='ocr_par' dir='ltr' id='par_1_6' title="bbox 279 2280 1365 2446">
     <span class='ocr_line' id='line_1_12' title="bbox 366 2280 1365 2364; baseline 0.001 -18"><span class='ocrx_word' id='word_1_55' title='bbox 366 2283 537 2364; x_wconf 77' lang='lat' dir='ltr'><strong>FoIpeatios</strong></span> <span class='ocrx_word' id='word_1_56' title='bbox 557 2286 590 2344; x_wconf 80' lang='lat' dir='ltr'><strong>in</strong></span> <span class='ocrx_word' id='word_1_57' title='bbox 612 2286 793 2363; x_wconf 71' lang='lat' dir='ltr'><strong>inpositione</strong></span> <span class='ocrx_word' id='word_1_58' title='bbox 813 2300 980 2346; x_wconf 70' lang='lat' dir='ltr'><strong>ommonem</strong></span> <span class='ocrx_word' id='word_1_59' title='bbox 1001 2288 1090 2364; x_wconf 78' lang='lat' dir='ltr'><strong>antip.</strong></span> <span class='ocrx_word' id='word_1_60' title='bbox 1107 2280 1154 2347; x_wconf 81' lang='lat'><strong>20</strong></span> <span class='ocrx_word' id='word_1_61' title='bbox 1172 2302 1201 2363; x_wconf 88' lang='lat' dir='ltr'><strong>p.</strong></span> <span class='ocrx_word' id='word_1_62' title='bbox 1220 2280 1289 2347; x_wconf 81' lang='lat'><strong>562</strong></span> <span class='ocrx_word' id='word_1_63' title='bbox 1308 2284 1365 2349; x_wconf 72' lang='lat' dir='ltr'><strong>li:</strong></span> 
     </span>
     <span class='ocr_line' id='line_1_13' title="bbox 279 2368 1286 2446; baseline 0.001 -16"><span class='ocrx_word' id='word_1_64' title='bbox 279 2369 399 2432; x_wconf 88' lang='lat' dir='ltr'><strong>llarcus</strong></span> <span class='ocrx_word' id='word_1_65' title='bbox 415 2368 567 2431; x_wconf 78' lang='lat' dir='ltr'><strong>Cornutus</strong></span> <span class='ocrx_word' id='word_1_66' title='bbox 582 2368 613 2429; x_wconf 92' lang='lat' dir='ltr'><strong>iu</strong></span> <span class='ocrx_word' id='word_1_67' title='bbox 629 2369 719 2430; x_wconf 83' lang='lat' dir='ltr'><strong>sotira</strong></span> <span class='ocrx_word' id='word_1_68' title='bbox 733 2368 777 2431; x_wconf 92' lang='lat' dir='ltr'><strong>sic</strong></span> <span class='ocrx_word' id='word_1_69' title='bbox 793 2368 833 2430; x_wconf 84' lang='lat' dir='ltr'><strong>ait</strong></span> <span class='ocrx_word' id='word_1_70' title='bbox 848 2368 1009 2444; x_wconf 83' lang='lat' dir='ltr'><strong>‘titivilicia‚</strong></span> <span class='ocrx_word' id='word_1_71' title='bbox 1025 2368 1142 2446; x_wconf 75' lang='lat' dir='ltr'><strong>Flacco,</strong></span> <span class='ocrx_word' id='word_1_72' title='bbox 1157 2370 1196 2431; x_wconf 89' lang='lat' dir='ltr'><strong>do</strong></span> <span class='ocrx_word' id='word_1_73' title='bbox 1211 2369 1286 2431; x_wconf 87' lang='lat' dir='ltr'><strong>tibi’.</strong></span> 
     </span>
    </p>
   </div>
   <div class='ocr_carea' id='block_1_7' title="bbox 788 2520 853 2583">
    <p class='ocr_par' dir='ltr' id='par_1_7' title="bbox 788 2520 853 2583">
     <span class='ocr_line' id='line_1_14' title="bbox 788 2520 853 2583; baseline 0 0"><span class='ocrx_word' id='word_1_74' title='bbox 788 2520 853 2583; x_wconf 87' lang='lat' dir='ltr'><strong>lll*</strong></span> 
     </span>
    </p>
   </div>
   <div class='ocr_carea' id='block_1_8' title="bbox 281 2637 1364 2801">
    <p class='ocr_par' dir='ltr' id='par_1_8' title="bbox 281 2637 1364 2801">
     <span class='ocr_line' id='line_1_15' title="bbox 365 2637 1364 2721; baseline -0.002 -18"><span class='ocrx_word' id='word_1_75' title='bbox 365 2643 440 2704; x_wconf 80' lang='lat' dir='ltr'><strong>idom</strong></span> <span class='ocrx_word' id='word_1_76' title='bbox 454 2637 541 2721; x_wconf 69' lang='lat'><strong><em>3312.</em></strong></span> <span class='ocrx_word' id='word_1_77' title='bbox 554 2637 636 2703; x_wconf 76' lang='lat'><em>564.-</em></span> <span class='ocrx_word' id='word_1_78' title='bbox 658 2640 766 2703; x_wconf 83' lang='lat' dir='ltr'><strong>Gorius</strong></span> <span class='ocrx_word' id='word_1_79' title='bbox 788 2641 898 2703; x_wconf 83' lang='lat' dir='ltr'><strong>Bassus</strong></span> <span class='ocrx_word' id='word_1_80' title='bbox 912 2641 943 2701; x_wconf 91' lang='lat' dir='ltr'><strong>in</strong></span> <span class='ocrx_word' id='word_1_81' title='bbox 960 2642 1058 2703; x_wconf 80' lang='lat' dir='ltr'><strong>satiris</strong></span> <span class='ocrx_word' id='word_1_82' title='bbox 1073 2641 1113 2703; x_wconf 84' lang='lat' dir='ltr'><strong>ait</strong></span> <span class='ocrx_word' id='word_1_83' title='bbox 1134 2640 1267 2702; x_wconf 75' lang='lat' dir='ltr'><strong>‘neruine</strong></span> <span class='ocrx_word' id='word_1_84' title='bbox 1290 2658 1364 2701; x_wconf 88' lang='lat' dir='ltr'><strong>con·</strong></span> 
     </span>
     <span class='ocr_line' id='line_1_16' title="bbox 281 2724 772 2801; baseline 0 -12"><span class='ocrx_word' id='word_1_85' title='bbox 281 2727 431 2801; x_wconf 87' lang='lat' dir='ltr'><strong>lodiende‚</strong></span> <span class='ocrx_word' id='word_1_86' title='bbox 448 2746 509 2787; x_wconf 92' lang='lat' dir='ltr'><strong>nou</strong></span> <span class='ocrx_word' id='word_1_87' title='bbox 525 2734 555 2787; x_wconf 92' lang='lat' dir='ltr'><strong>te</strong></span> <span class='ocrx_word' id='word_1_88' title='bbox 571 2728 659 2788; x_wconf 85' lang='lat' dir='ltr'><strong>nauci</strong></span> <span class='ocrx_word' id='word_1_89' title='bbox 677 2724 772 2789; x_wconf 82' lang='lat' dir='ltr'><strong>facio’.</strong></span> 
     </span>
    </p>
   </div>
   <div class='ocr_carea' id='block_1_9' title="bbox 789 2879 843 2940">
    <p class='ocr_par' dir='ltr' id='par_1_9' title="bbox 789 2879 843 2940">
     <span class='ocr_line' id='line_1_17' title="bbox 789 2879 843 2940; baseline 0 0"><span class='ocrx_word' id='word_1_90' title='bbox 789 2879 843 2940; x_wconf 91' lang='lat' dir='ltr'><strong>llll</strong></span> 
     </span>
    </p>
   </div>
   <div class='ocr_carea' id='block_1_10' title="bbox 280 2994 1367 3591">
    <p class='ocr_par' dir='ltr' id='par_1_10' title="bbox 280 2994 1367 3591">
     <span class='ocr_line' id='line_1_18' title="bbox 365 2994 1365 3080; baseline 0 -22"><span class='ocrx_word' id='word_1_91' title='bbox 365 2996 460 3060; x_wconf 82' lang='lat' dir='ltr'><strong>lelius</strong></span> <span class='ocrx_word' id='word_1_92' title='bbox 471 2998 652 3080; x_wconf 80' lang='lat' dir='ltr'><strong>Capitolinus</strong></span> <span class='ocrx_word' id='word_1_93' title='bbox 664 3004 697 3061; x_wconf 77' lang='lat' dir='ltr'><strong>irs</strong></span> <span class='ocrx_word' id='word_1_94' title='bbox 709 3002 772 3061; x_wconf 90' lang='lat' dir='ltr'><strong>oita</strong></span> <span class='ocrx_word' id='word_1_95' title='bbox 782 2997 983 3062; x_wconf 74' lang='lat' dir='ltr'><strong>Clodiilllrirei</strong></span> <span class='ocrx_word' id='word_1_96' title='bbox 992 2998 1076 3059; x_wconf 79' lang='lat' dir='ltr'><strong>domo</strong></span> <span class='ocrx_word' id='word_1_97' title='bbox 1091 2994 1301 3059; x_wconf 79' lang='lat' dir='ltr'><strong>Hodmmotirsi</strong></span> <span class='ocrx_word' id='word_1_98' title='bbox 1307 2994 1347 3058; x_wconf 88' lang='lat'><strong>11</strong></span> <span class='ocrx_word' id='word_1_99' title='bbox 1354 3016 1365 3058; x_wconf 90' lang='grc'><strong>.·</strong></span> 
     </span>
     <span class='ocr_line' id='line_1_19' title="bbox 280 3081 1365 3163; baseline 0 -19"><span class='ocrx_word' id='word_1_100' title='bbox 280 3084 410 3145; x_wconf 82' lang='lat' dir='ltr'><strong>Milesios</strong></span> <span class='ocrx_word' id='word_1_101' title='bbox 424 3085 564 3146; x_wconf 90' lang='lat' dir='ltr'><strong>nonnulli</strong></span> <span class='ocrx_word' id='word_1_102' title='bbox 580 3085 712 3147; x_wconf 88' lang='lat' dir='ltr'><strong>eiusdem</strong></span> <span class='ocrx_word' id='word_1_103' title='bbox 725 3103 790 3145; x_wconf 89' lang='lat' dir='ltr'><strong>osse</strong></span> <span class='ocrx_word' id='word_1_104' title='bbox 805 3084 923 3155; x_wconf 83' lang='lat' dir='ltr'><strong>dicunt,</strong></span> <span class='ocrx_word' id='word_1_105' title='bbox 937 3100 1065 3163; x_wconf 87' lang='lat' dir='ltr'><strong>quarum</strong></span> <span class='ocrx_word' id='word_1_106' title='bbox 1080 3083 1158 3144; x_wconf 86' lang='lat' dir='ltr'><strong>fama</strong></span> <span class='ocrx_word' id='word_1_107' title='bbox 1170 3100 1233 3143; x_wconf 93' lang='lat' dir='ltr'><strong>non</strong></span> <span class='ocrx_word' id='word_1_108' title='bbox 1246 3081 1365 3162; x_wconf 76' lang='lat' dir='ltr'><strong>ignobi·</strong></span> 
     </span>
     <span class='ocr_line' id='line_1_20' title="bbox 280 3168 1366 3250; baseline -0.001 -20"><span class='ocrx_word' id='word_1_109' title='bbox 280 3170 317 3232; x_wconf 89' lang='lat' dir='ltr'><strong>lis</strong></span> <span class='ocrx_word' id='word_1_110' title='bbox 331 3168 468 3242; x_wconf 84' lang='lat' dir='ltr'><strong>habetur,</strong></span> <span class='ocrx_word' id='word_1_111' title='bbox 484 3170 616 3249; x_wconf 85' lang='lat' dir='ltr'><strong>quamvis</strong></span> <span class='ocrx_word' id='word_1_112' title='bbox 636 3170 827 3231; x_wconf 87' lang='lat' dir='ltr'><strong>mediocriter</strong></span> <span class='ocrx_word' id='word_1_113' title='bbox 848 3170 979 3250; x_wconf 84' lang='lat' dir='ltr'><strong>scriptae</strong></span> <span class='ocrx_word' id='word_1_114' title='bbox 1001 3168 1071 3233; x_wconf 90' lang='lat' dir='ltr'><strong>sint.</strong></span> <span class='ocrx_word' id='word_1_115' title='bbox 1110 3168 1211 3230; x_wconf 63' lang='lat' dir='ltr'><strong>Mede</strong></span> <span class='ocrx_word' id='word_1_116' title='bbox 1226 3170 1259 3229; x_wconf 81' lang='lat' dir='ltr'><strong>irs</strong></span> <span class='ocrx_word' id='word_1_117' title='bbox 1273 3170 1366 3249; x_wconf 81' lang='lat' dir='ltr'><strong>copiis</strong></span> 
     </span>
     <span class='ocr_line' id='line_1_21' title="bbox 282 3252 1367 3334; baseline -0.001 -19"><span class='ocrx_word' id='word_1_118' title='bbox 282 3252 327 3317; x_wconf 87' lang='lat'><strong>12</strong></span> <span class='ocrx_word' id='word_1_119' title='bbox 343 3255 397 3316; x_wconf 83' lang='lat' dir='ltr'><strong>oli</strong></span> <span class='ocrx_word' id='word_1_120' title='bbox 415 3252 516 3315; x_wconf 88' lang='lat' dir='ltr'><strong>Seueri</strong></span> <span class='ocrx_word' id='word_1_121' title='bbox 534 3256 664 3332; x_wconf 80' lang='lat' dir='ltr'><strong>refertor</strong></span> <span class='ocrx_word' id='word_1_122' title='bbox 680 3256 719 3315; x_wconf 82' lang='lat' dir='ltr'><strong>od</strong></span> <span class='ocrx_word' id='word_1_123' title='bbox 732 3264 866 3316; x_wconf 81' lang='lat' dir='ltr'><strong>sonatum</strong></span> <span class='ocrx_word' id='word_1_124' title='bbox 879 3254 1002 3334; x_wconf 80' lang='lat' dir='ltr'><strong>epistola</strong></span> <span class='ocrx_word' id='word_1_125' title='bbox 1015 3254 1048 3315; x_wconf 82' lang='lat' dir='ltr'><strong>aio</strong></span> <span class='ocrx_word' id='word_1_126' title='bbox 1062 3253 1174 3315; x_wconf 81' lang='lat' dir='ltr'><strong>eodem:</strong></span> <span class='ocrx_word' id='word_1_127' title='bbox 1197 3253 1292 3313; x_wconf 86' lang='lat' dir='ltr'><strong>maior</strong></span> <span class='ocrx_word' id='word_1_128' title='bbox 1310 3253 1367 3314; x_wconf 85' lang='lat' dir='ltr'><strong>luit</strong></span> 
     </span>
     <span class='ocr_line' id='line_1_22' title="bbox 280 3337 1367 3420; baseline -0.002 -19"><span class='ocrx_word' id='word_1_129' title='bbox 280 3340 369 3402; x_wconf 89' lang='lat' dir='ltr'><strong>dolor</strong></span> <span class='ocrx_word' id='word_1_130' title='bbox 383 3340 463 3420; x_wconf 90' lang='lat' dir='ltr'><strong>quod</strong></span> <span class='ocrx_word' id='word_1_131' title='bbox 478 3340 562 3400; x_wconf 89' lang='lat' dir='ltr'><strong>illum</strong></span> <span class='ocrx_word' id='word_1_132' title='bbox 576 3357 633 3418; x_wconf 92' lang='lat' dir='ltr'><strong>pro</strong></span> <span class='ocrx_word' id='word_1_133' title='bbox 649 3339 778 3401; x_wconf 83' lang='lat' dir='ltr'><strong>litterato</strong></span> <span class='ocrx_word' id='word_1_134' title='bbox 793 3339 975 3401; x_wconf 81' lang='lat' dir='ltr'><strong>laudandum</strong></span> <span class='ocrx_word' id='word_1_135' title='bbox 989 3339 1127 3419; x_wconf 82' lang='lat' dir='ltr'><strong>plerique</strong></span> <span class='ocrx_word' id='word_1_136' title='bbox 1140 3337 1281 3411; x_wconf 83' lang='lat' dir='ltr'><strong>(luxistis,</strong></span> <span class='ocrx_word' id='word_1_137' title='bbox 1297 3354 1367 3399; x_wconf 88' lang='lat' dir='ltr'><strong>curn</strong></span> 
     </span>
     <span class='ocr_line' id='line_1_23' title="bbox 280 3422 1366 3504; baseline -0.003 -17"><span class='ocrx_word' id='word_1_138' title='bbox 280 3426 330 3487; x_wconf 92' lang='lat' dir='ltr'><strong>ille</strong></span> <span class='ocrx_word' id='word_1_139' title='bbox 346 3425 444 3487; x_wconf 88' lang='lat' dir='ltr'><strong>neniis</strong></span> <span class='ocrx_word' id='word_1_140' title='bbox 460 3425 636 3504; x_wconf 82' lang='lat' dir='ltr'><strong>quibusdem</strong></span> <span class='ocrx_word' id='word_1_141' title='bbox 660 3422 788 3487; x_wconf 84' lang='lat' dir='ltr'><strong>anilibus</strong></span> <span class='ocrx_word' id='word_1_142' title='bbox 804 3433 968 3504; x_wconf 83' lang='lat' dir='ltr'><strong>occupatus</strong></span> <span class='ocrx_word' id='word_1_143' title='bbox 989 3426 1069 3485; x_wconf 91' lang='lat' dir='ltr'><strong>inter</strong></span> <span class='ocrx_word' id='word_1_144' title='bbox 1090 3423 1218 3485; x_wconf 81' lang='lat' dir='ltr'><strong>Milesias</strong></span> <span class='ocrx_word' id='word_1_145' title='bbox 1239 3422 1366 3484; x_wconf 84' lang='lat' dir='ltr'><strong>Punicos</strong></span> 
     </span>
     <span class='ocr_line' id='line_1_24' title="bbox 282 3510 1036 3591; baseline 0 -19"><span class='ocrx_word' id='word_1_146' title='bbox 282 3510 388 3591; x_wconf 76' lang='lat' dir='ltr'><strong>Apulei</strong></span> <span class='ocrx_word' id='word_1_147' title='bbox 403 3510 448 3571; x_wconf 91' lang='lat' dir='ltr'><strong>sui</strong></span> <span class='ocrx_word' id='word_1_148' title='bbox 465 3518 494 3570; x_wconf 92' lang='lat' dir='ltr'><strong>et</strong></span> <span class='ocrx_word' id='word_1_149' title='bbox 509 3510 622 3572; x_wconf 82' lang='lat' dir='ltr'><strong>ludicra</strong></span> <span class='ocrx_word' id='word_1_150' title='bbox 638 3510 777 3571; x_wconf 84' lang='lat' dir='ltr'><strong>litteraria</strong></span> <span class='ocrx_word' id='word_1_151' title='bbox 794 3519 1036 3572; x_wconf 86' lang='lat' dir='ltr'><strong>consenesceret.</strong></span> 
     </span>
    </p>
   </div>
   <div class='ocr_carea' id='block_1_11' title="bbox 279 3674 1367 3952">
    <p class='ocr_par' dir='ltr' id='par_1_11' title="bbox 279 3674 1367 3952">
     <span class='ocr_line' id='line_1_25' title="bbox 366 3674 1366 3745; baseline -0.003 -16"><span class='ocrx_word' id='word_1_152' title='bbox 366 3679 375 3729; x_wconf 98' lang='lat' dir='ltr'><strong>l</strong></span> <span class='ocrx_word' id='word_1_153' title='bbox 389 3683 480 3743; x_wconf 82' lang='lat' dir='ltr'><strong>potest</strong></span> <span class='ocrx_word' id='word_1_154' title='bbox 489 3678 597 3745; x_wconf 81' lang='lat' dir='ltr'><strong>quidem</strong></span> <span class='ocrx_word' id='word_1_155' title='bbox 609 3677 752 3729; x_wconf 73' lang='lat' dir='ltr'><strong>Luciliano</strong></span> <span class='ocrx_word' id='word_1_156' title='bbox 766 3679 923 3729; x_wconf 72' lang='lat' dir='ltr'><strong>charactere</strong></span> <span class='ocrx_word' id='word_1_157' title='bbox 934 3682 1030 3728; x_wconf 78' lang='lat' dir='ltr'><strong>soirera</strong></span> <span class='ocrx_word' id='word_1_158' title='bbox 1041 3674 1128 3738; x_wconf 69' lang='lat' dir='ltr'><strong>faisse</strong></span> <span class='ocrx_word' id='word_1_159' title='bbox 1139 3678 1212 3725; x_wconf 83' lang='lat' dir='ltr'><strong>sicut</strong></span> <span class='ocrx_word' id='word_1_160' title='bbox 1221 3674 1271 3725; x_wconf 87' lang='lat' dir='ltr'><strong>illo</strong></span> <span class='ocrx_word' id='word_1_161' title='bbox 1284 3690 1366 3741; x_wconf 79' lang='lat' dir='ltr'><strong>quam</strong></span> 
     </span>
     <span class='ocr_line' id='line_1_26' title="bbox 281 3741 1366 3813; baseline -0.003 -15"><span class='ocrx_word' id='word_1_162' title='bbox 281 3746 376 3798; x_wconf 81' lang='lat' dir='ltr'><strong>Seuius</strong></span> <span class='ocrx_word' id='word_1_163' title='bbox 385 3744 509 3798; x_wconf 79' lang='lat' dir='ltr'><strong>Nicanor</strong></span> <span class='ocrx_word' id='word_1_164' title='bbox 525 3748 673 3813; x_wconf 75' lang='lat' dir='ltr'><strong>scripserat</strong></span> <span class='ocrx_word' id='word_1_165' title='bbox 690 3745 775 3808; x_wconf 85' lang='lat' dir='ltr'><strong>(Suet.</strong></span> <span class='ocrx_word' id='word_1_166' title='bbox 790 3761 835 3812; x_wconf 77' lang='lat' dir='ltr'><strong>gr.</strong></span> <span class='ocrx_word' id='word_1_167' title='bbox 846 3748 884 3811; x_wconf 71' lang='grc' dir='ltr'><strong>ὅ),</strong></span> <span class='ocrx_word' id='word_1_168' title='bbox 897 3747 1062 3812; x_wconf 86' lang='lat' dir='ltr'><strong>praesertim</strong></span> <span class='ocrx_word' id='word_1_169' title='bbox 1073 3758 1135 3794; x_wconf 84' lang='lat' dir='ltr'><strong>eum</strong></span> <span class='ocrx_word' id='word_1_170' title='bbox 1152 3744 1310 3795; x_wconf 69' lang='lat' dir='ltr'><strong>hexametro</strong></span> <span class='ocrx_word' id='word_1_171' title='bbox 1322 3741 1366 3805; x_wconf 76' lang='lat' dir='ltr'><strong>fa-</strong></span> 
     </span>
     <span class='ocr_line' id='line_1_27' title="bbox 280 3810 1367 3880; baseline -0.003 -15"><span class='ocrx_word' id='word_1_172' title='bbox 280 3814 332 3865; x_wconf 87' lang='lat' dir='ltr'><strong>cile</strong></span> <span class='ocrx_word' id='word_1_173' title='bbox 348 3817 437 3879; x_wconf 78' lang='lat' dir='ltr'><strong>primo</strong></span> <span class='ocrx_word' id='word_1_174' title='bbox 455 3817 537 3866; x_wconf 83' lang='lat' dir='ltr'><strong>corio</strong></span> <span class='ocrx_word' id='word_1_175' title='bbox 549 3818 680 3880; x_wconf 77' lang='lat' dir='ltr'><strong>optentur</strong></span> <span class='ocrx_word' id='word_1_176' title='bbox 697 3814 826 3867; x_wconf 81' lang='lat' dir='ltr'><strong>lestuurus</strong></span> <span class='ocrx_word' id='word_1_177' title='bbox 846 3814 919 3866; x_wconf 89' lang='lat' dir='ltr'><strong>lurco</strong></span> <span class='ocrx_word' id='word_1_178' title='bbox 937 3813 1034 3866; x_wconf 88' lang='lat' dir='ltr'><strong>nebulo</strong></span> <span class='ocrx_word' id='word_1_179' title='bbox 1052 3810 1187 3879; x_wconf 84' lang='lat' dir='ltr'><strong>turpisque</strong></span> <span class='ocrx_word' id='word_1_180' title='bbox 1205 3811 1312 3879; x_wconf 89' lang='lat' dir='ltr'><strong>popino.</strong></span> <span class='ocrx_word' id='word_1_181' title='bbox 1335 3816 1367 3863; x_wconf 85' lang='lat' dir='ltr'><strong>ai</strong></span> 
     </span>
     <span class='ocr_line' id='line_1_28' title="bbox 279 3876 1367 3952; baseline -0.001 -19"><span class='ocrx_word' id='word_1_182' title='bbox 279 3883 449 3949; x_wconf 78' lang='lat' dir='ltr'><strong>probabilius</strong></span> <span class='ocrx_word' id='word_1_183' title='bbox 467 3887 592 3952; x_wconf 76' lang='lat' dir='ltr'><strong>cynicum</strong></span> <span class='ocrx_word' id='word_1_184' title='bbox 610 3887 730 3934; x_wconf 83' lang='lat' dir='ltr'><strong>statuero</strong></span> <span class='ocrx_word' id='word_1_185' title='bbox 747 3884 814 3933; x_wconf 76' lang='lat' dir='ltr'><strong>milri</strong></span> <span class='ocrx_word' id='word_1_186' title='bbox 832 3882 927 3933; x_wconf 82' lang='lat' dir='ltr'><strong>uideor</strong></span> <span class='ocrx_word' id='word_1_187' title='bbox 941 3884 1050 3948; x_wconf 81' lang='lat' dir='ltr'><strong>generis</strong></span> <span class='ocrx_word' id='word_1_188' title='bbox 1069 3878 1246 3932; x_wconf 82' lang='lat' dir='ltr'><strong>Varronioni.</strong></span> <span class='ocrx_word' id='word_1_189' title='bbox 1271 3876 1367 3941; x_wconf 70' lang='lat' dir='ltr'><strong>consor</strong></span> 
     </span>
    </p>
   </div>
   <div class='ocr_carea' id='block_1_12' title="bbox 282 3947 1458 4017">
    <p class='ocr_par' dir='ltr' id='par_1_12' title="bbox 282 3947 1458 4017">
     <span class='ocr_line' id='line_1_29' title="bbox 282 3947 1458 4017; baseline 0 -17"><span class='ocrx_word' id='word_1_190' title='bbox 282 3953 451 4017; x_wconf 80' lang='lat' dir='ltr'><strong>epigramma</strong></span> <span class='ocrx_word' id='word_1_191' title='bbox 469 3952 604 4014; x_wconf 70' lang='lat' dir='ltr'><strong>detortis</strong></span> <span class='ocrx_word' id='word_1_192' title='bbox 621 3951 880 4004; x_wconf 81' lang='lat' dir='ltr'><strong>Sallusiiirelaium</strong></span> <span class='ocrx_word' id='word_1_193' title='bbox 898 3949 1094 4015; x_wconf 73' lang='lat' dir='ltr'><strong>oonintiliono</strong></span> <span class='ocrx_word' id='word_1_194' title='bbox 1115 3947 1181 4000; x_wconf 85' lang='lat' dir='ltr'><strong>Vlll</strong></span> <span class='ocrx_word' id='word_1_195' title='bbox 1191 3948 1267 4016; x_wconf 48' lang='lat'><strong>&amp;29</strong></span> <span class='ocrx_word' id='word_1_196' title='bbox 1278 3947 1322 4016; x_wconf 86' lang='grc'><strong>111</strong></span> <span class='ocrx_word' id='word_1_197' title='bbox 1339 3952 1368 4000; x_wconf 79' lang='lat' dir='ltr'><strong>si</strong></span> <span class='ocrx_word' id='word_1_198' title='bbox 1456 3963 1458 3968; x_wconf 90' lang='lat'>·</span> 
     </span>
    </p>
   </div>
   <div class='ocr_carea' id='block_1_13' title="bbox 279 4015 1368 4211">
    <p class='ocr_par' dir='ltr' id='par_1_13' title="bbox 279 4015 1368 4211">
     <span class='ocr_line' id='line_1_30' title="bbox 280 4015 1368 4088; baseline -0.001 -17"><span class='ocrx_word' id='word_1_199' title='bbox 280 4018 311 4071; x_wconf 96' lang='lat' dir='ltr'><strong>lll</strong></span> <span class='ocrx_word' id='word_1_200' title='bbox 329 4022 452 4084; x_wconf 79' lang='lat' dir='ltr'><strong>quamuis</strong></span> <span class='ocrx_word' id='word_1_201' title='bbox 469 4026 562 4088; x_wconf 81' lang='lat' dir='ltr'><strong>aperte</strong></span> <span class='ocrx_word' id='word_1_202' title='bbox 573 4020 648 4085; x_wconf 77' lang='lat' dir='ltr'><strong>fieta,</strong></span> <span class='ocrx_word' id='word_1_203' title='bbox 660 4023 814 4071; x_wconf 80' lang='lat' dir='ltr'><strong>monstrant</strong></span> <span class='ocrx_word' id='word_1_204' title='bbox 832 4025 922 4070; x_wconf 82' lang='lat' dir='ltr'><strong>tomen</strong></span> <span class='ocrx_word' id='word_1_205' title='bbox 933 4017 982 4070; x_wconf 88' lang='lat' dir='ltr'><strong>ilia</strong></span> <span class='ocrx_word' id='word_1_206' title='bbox 995 4021 1072 4068; x_wconf 83' lang='lat' dir='ltr'><strong>aetas</strong></span> <span class='ocrx_word' id='word_1_207' title='bbox 1084 4015 1161 4082; x_wconf 82' lang='lat' dir='ltr'><strong>quali</strong></span> <span class='ocrx_word' id='word_1_208' title='bbox 1171 4031 1293 4068; x_wconf 76' lang='lat' dir='ltr'><strong>sermons</strong></span> <span class='ocrx_word' id='word_1_209' title='bbox 1302 4031 1368 4070; x_wconf 67' lang='lat' dir='ltr'><strong>uses</strong></span> 
     </span>
     <span class='ocr_line' id='line_1_31' title="bbox 279 4083 1367 4211; baseline -0.003 -69"><span class='ocrx_word' id='word_1_210' title='bbox 279 4092 534 4211; x_wconf 41' lang='lat' dir='ltr'><strong>:ptieetrpffiwolpctiiquos</strong></span> <span class='ocrx_word' id='word_1_211' title='bbox 551 4090 749 4142; x_wconf 67' lang='lat' dir='ltr'><strong>existimaverit</strong></span> <span class='ocrx_word' id='word_1_212' title='bbox 762 4088 767 4154; x_wconf 83' lang='grc' dir='ltr'>Ι</span> <span class='ocrx_word' id='word_1_213' title='bbox 782 4087 803 4139; x_wconf 93' lang='lat' dir='ltr'><strong>ll</strong></span> <span class='ocrx_word' id='word_1_214' title='bbox 815 4087 936 4139; x_wconf 82' lang='lat' dir='ltr'><strong>tittiviles</strong></span> <span class='ocrx_word' id='word_1_215' title='bbox 954 4090 1004 4137; x_wconf 81' lang='lat' dir='ltr'><strong>out</strong></span> <span class='ocrx_word' id='word_1_216' title='bbox 1017 4083 1174 4138; x_wconf 82' lang='lat' dir='ltr'><strong>texiirilices</strong></span> <span class='ocrx_word' id='word_1_217' title='bbox 1186 4084 1259 4151; x_wconf 79' lang='lat' dir='ltr'><strong>libri,</strong></span> <span class='ocrx_word' id='word_1_218' title='bbox 1271 4083 1367 4139; x_wconf 72' lang='lat' dir='ltr'><strong>em</strong></span> 
     </span>
    </p>
   </div>
   <div class='ocr_carea' id='block_1_14' title="bbox 1374 4013 1460 4352">
    <p class='ocr_par' dir='ltr' id='par_1_14' title="bbox 1367 4001 1460 4352">
     <span class='ocr_line' id='line_1_32' title="bbox 1374 4013 1460 4352; baseline 0 0"><span class='ocrx_word' id='word_1_219' title='bbox 1374 4013 1460 4352; x_wconf 78' lang='lat' dir='ltr'><strong>a</strong></span> 
     </span>
    </p>
   </div>
   <div class='ocr_carea' id='block_1_15' title="bbox 0 0 1717 4934">
    <p class='ocr_par' dir='ltr' id='par_1_15' title="bbox 0 0 1717 4934">
     <span class='ocr_line' id='line_1_33' title="bbox 0 0 1717 4934; baseline 0 0"><span class='ocrx_word' id='word_1_220' title='bbox 0 0 1717 4934; x_wconf 95' lang='lat' dir='ltr'><strong> </strong></span> 
     </span>
    </p>
   </div>
  </div>
 </body>
</html>
