3417 4934
345 456 386 514 26
807 457 959 511 vernoun

343 633 401 695 boe
415 632 501 694 titulo
516 631 684 694 auctionem
700 631 891 712 proscripsit:
914 631 967 698 “0.
984 632 1075 695 lulius
1089 633 1234 700 Proculus
1248 638 1422 702 auctionem
1439 641 1463 695 tl

342 720 431 781 faciet
444 736 545 781 rerum
559 716 837 797 supervacuarum’'.

291 799 335 869 39
431 802 629 884 interpellarit
642 812 701 865 tam
717 803 818 865 dulces
834 802 946 865 fabulas
957 803 1151 881 Trimalchim
1168 824 1234 867 nam
1249 808 1308 869 iam
1320 808 1422 871 subla-

343 897 406 952 tum
423 900 487 951 erat
505 889 661 961 ferculum,
676 888 845 968 hilaresque
860 889 1000 951 convivae
1015 889 1085 952 nno
1099 892 1350 973 sermonibusque
1363 914 1420 977 pn·

305 985 319 1035 2
342 975 457 1038 blicatis
479 993 600 1056 operam
622 982 786 1055 coeperant
806 974 887 1036 dare.
917 974 1037 1054 iserge
1060 975 1222 1040 reclinatus
1237 979 1267 1040 in
1284 980 1418 1042 cubitum
1437 991 1449 1039 t

343 1062 411 1124 ‘boc
431 1060 543 1124 rinum’
571 1060 670 1140 inquit
691 1065 754 1121 ‘ros
781 1068 903 1140 oportet
927 1078 1016 1123 suave
1039 1061 1161 1127 faciatis.
1198 1064 1296 1143 pisces
1318 1074 1419 1127 natare

303 1156 318 1204 3
341 1155 470 1227 oportet.
499 1163 587 1225 rogo,
611 1163 659 1207 me
681 1145 792 1225 putatis
813 1145 862 1207 illa
884 1163 958 1207 cena
980 1165 1045 1209 esse
1067 1154 1259 1223 contentum,
1282 1168 1372 1229 quam
1388 1151 1417 1212 in

341 1232 427 1294 theea
449 1231 619 1313 repositorii
634 1227 792 1292 videratis?
814 1231 879 1293 “sic
901 1240 992 1293 notus
1007 1230 1143 1294 Vlixes?”
1165 1234 1235 1313 quid
1258 1253 1333 1314 ergo
1354 1234 1418 1299 estt

303 1327 318 1378 t
342 1326 462 1398 oportet
483 1316 571 1379 etiam
593 1316 674 1379 inter
687 1315 856 1378 cenandum
871 1316 1063 1397 philologiam
1078 1337 1175 1380 nosse.
1207 1327 1337 1399 patrono
1352 1339 1418 1383 meo

342 1422 408 1465 ossa
423 1402 502 1466 bene
517 1403 681 1484 quiescant,
697 1401 747 1482 qui
764 1420 810 1463 me
825 1401 975 1463 hominem
991 1402 1072 1465 inter
1086 1404 1222 1467 homines
1237 1405 1329 1467 voluit
1345 1426 1418 1469 esse.
1438 1413 1459 1465 tt

343 1507 412 1551 nam
427 1488 500 1552 mihi
522 1488 597 1550 nihil
612 1488 680 1550 novi
697 1496 794 1567 potest
809 1488 918 1566 afferri,
930 1487 1008 1549 sicut
1023 1488 1071 1550 ille
1086 1489 1227 1552 fericulus
1242 1491 1299 1552 iam
1315 1491 1419 1554 habuit

304 1585 318 1633 a
340 1575 466 1654 praxim.
496 1575 595 1638 caelus
616 1574 682 1646 hic,
705 1573 736 1633 in
759 1591 820 1652 quo
842 1572 998 1634 duodecim
1014 1573 1053 1635 dii
1069 1572 1217 1651 habitant,
1241 1576 1272 1637 in
1295 1577 1417 1640 totidem

340 1679 373 1722 se
395 1662 507 1741 figuras
527 1659 686 1733 convertit,
709 1667 739 1719 et
753 1658 842 1720 modo
857 1658 891 1720 fit
904 1658 992 1720 aries.
1021 1660 1120 1738 itaque
1136 1660 1270 1740 quisquis
1287 1663 1419 1725 nascitur

341 1745 393 1807 illo
411 1748 513 1825 siguo,
536 1744 626 1807 multa
642 1762 750 1825 pecora
765 1743 868 1817 babet,
891 1744 1016 1805 multum
1038 1744 1137 1817 lanae,
1160 1756 1250 1825 caput
1263 1758 1418 1827 praeterea

340 1831 465 1906 durum,
493 1833 624 1892 frontem
647 1829 873 1909 mpudentem,
903 1847 1030 1891 cornum
1058 1839 1188 1892 acutum.
1218 1831 1339 1912 plurimi
1362 1834 1459 1898 hoctl

303 1925 318 1975 6
340 1916 427 1995 signo
450 1915 618 1979 scholastici
645 1925 812 1978 nascuntur
839 1924 870 1976 et
884 1914 1020 1977 arietilli’.
1050 1915 1204 1978 laudamus
1219 1917 1417 1982 urbanitatem

342 2002 556 2083 mathematici3
584 2001 683 2081 itaque
704 2000 827 2064 adierit:
857 2000 974 2061 ‘deinde
996 2010 1077 2062 totus
1098 2002 1198 2064 caelus
1218 2003 1355 2067 taurulus
1376 2006 1418 2066 fit

341 2086 440 2167 itaque
455 2097 529 2150 tune
543 2086 690 2149 calcitrosi
706 2093 873 2148 nascuntur
888 2095 918 2147 ot
932 2084 1053 2147 bubulci
1066 2095 1097 2148 et
1108 2087 1158 2166 qui
1170 2107 1202 2149 se
1214 2088 1270 2167 ipsi
1281 2101 1418 2169 pascunt

303 2186 317 2235 r
341 2172 370 2234 iu
387 2173 515 2253 geminis
529 2182 627 2235 autem
644 2180 809 2234 nascuntur
824 2170 910 2250 bigae
925 2180 955 2232 et
965 2171 1056 2234 bores
1071 2181 1102 2233 et
1116 2172 1191 2234 colei
1208 2182 1237 2234 et
1252 2174 1304 2253 qui
1320 2184 1419 2238 utros·

303 2271 318 2321 8
340 2275 398 2337 que
419 2258 549 2338 parietes
571 2258 680 2319 linunt.
710 2257 740 2319 in
761 2275 871 2318 cancro
887 2274 943 2335 ego
960 2266 1046 2319 natus
1060 2276 1137 2323 sum.
1167 2257 1234 2320 ideo
1249 2260 1351 2323 multis
1366 2280 1417 2341 pe·
1437 2270 1462 2321 at

340 2342 427 2407 dibus
443 2352 500 2412 sto,
523 2352 553 2405 et
574 2344 604 2405 in
621 2342 694 2404 mari
710 2342 785 2404 etin
802 2353 881 2403 terra
897 2342 988 2403 multa
1004 2343 1157 2424 posside03
1180 2362 1249 2405 nam
1265 2362 1376 2407 cancer
1391 2356 1419 2408 et

340 2428 399 2491 hoc
420 2441 451 2492 et
472 2429 542 2491 illoc
565 2428 700 2509 quadrat.
729 2436 759 2489 et
780 2427 847 2489 ideo
869 2426 1053 2490 iamdudum
1070 2428 1347 2510 nibilsuperillum
1363 2451 1418 2513 po-

304 2527 320 2577 9
340 2516 397 2591 sui,
421 2534 459 2577 ne
474 2515 608 2595 genesim
623 2532 720 2576 meam
737 2530 914 2594 premerem.
944 2512 975 2575 in
993 2514 1080 2575 leone
1095 2515 1274 2595 cataphagae
1289 2534 1417 2578 naseun-

291 2613 319 2663 10
340 2609 390 2663 tur
404 2611 435 2664 et
449 2600 614 2682 imperiosi;
640 2601 671 2662 in
686 2600 801 2680 virgine
817 2599 956 2660 mulieres
971 2609 1001 2662 et
1015 2599 1129 2679 fugitivi
1144 2610 1174 2661 et
1188 2601 1364 2682 compediti3
1386 2603 1417 2664 in

291 2698 319 2748 11
341 2685 416 2749 lihra
431 2688 567 2750 laniones
582 2695 612 2749 et
626 2685 816 2766 unguentarii
832 2684 1050 2765 etquicunque
1065 2684 1175 2763 aliquid
1191 2687 1370 2765 expediunt3
1386 2688 1416 2750 in
1438 2696 1463 2747 tl

342 2774 502 2854 scorpione
516 2772 668 2835 venenarii
684 2782 714 2833 et
728 2789 936 2851 percussores3
958 2770 989 2831 in
1011 2770 1163 2849 sagittario
1177 2771 1344 2847 strabones,
1367 2774 1419 2852 qui

292 2868 319 2918 ta
341 2858 444 2922 holera
459 2867 605 2939 spectant,
629 2856 742 2919 lardum
758 2855 881 2932 tollunt3
905 2856 935 2916 in
955 2856 1132 2936 capricorno
1147 2858 1328 2931 aerumnosi,
1352 2859 1418 2938 qui·

342 2944 398 3007 bus
412 2962 485 3024 prae
500 2943 575 3006 mala
590 2961 643 3005 sua
660 2959 773 3004 cornua
790 2949 971 3016 nascuntur3
986 2942 1017 3002 in
1033 2943 1156 3020 aquario
1171 2960 1306 3023 copones
1321 2952 1352 3006 et
1366 2962 1420 3007 cu-

291 3038 319 3088 13
341 3028 491 3099 curhitae;
509 3030 539 3091 in
555 3028 687 3110 piscibus
703 3026 900 3089 obsonatores
915 3033 945 3087 et
963 3026 1108 3090 rhetores.
1138 3027 1181 3089 sic
1198 3029 1279 3090 orbis
1294 3030 1420 3091 vertitur

341 3123 482 3195 tanquam
498 3113 585 3189 mela,
608 3124 638 3175 et
652 3131 770 3194 semper
784 3112 895 3192 aliquid
912 3111 981 3173 mali
996 3113 1075 3186 iacit,
1098 3122 1131 3174 ut
1145 3112 1282 3176 homines
1297 3124 1350 3176 aut
1364 3133 1422 3177 na··
1439 3125 1463 3176 tlt

291 3208 319 3259 tt
340 3208 462 3263 scantur
484 3209 535 3262 aut
556 3208 689 3281 pereant.
720 3199 799 3277 quod
819 3207 919 3261 antem
935 3197 966 3258 in
982 3198 1079 3259 medio
1094 3199 1255 3279 caespitem
1269 3199 1375 3263 ridetis
1389 3211 1421 3263 et

290 3294 319 3345 15
340 3303 431 3366 supra
446 3286 608 3366 caespitem
624 3285 737 3358 iarum,
754 3282 827 3345 nihil
842 3283 908 3345 sine
923 3282 1039 3345 ratione
1054 3284 1140 3345 facio.
1170 3292 1250 3345 terra
1265 3293 1361 3346 mater
1374 3295 1421 3348 est

341 3372 373 3434 in
395 3370 491 3434 medio
514 3370 598 3452 qnasi
613 3387 700 3433 ovum
715 3370 947 3443 commendata,
970 3377 999 3431 et
1021 3370 1121 3431 omnia
1143 3368 1267 3431 bouain
1283 3370 1421 3433 sehabet

340 3465 481 3537 tanquam
496 3454 599 3519 farus'.

289 3542 333 3610 40
429 3541 560 3623 ‘sophos’
582 3540 713 3604 universi
735 3540 897 3602 clamamus
919 3549 949 3601 et
970 3539 1094 3602 sublatis
1116 3541 1252 3602 manibus
1266 3540 1302 3601 ad
1317 3558 1418 3603 came·
1440 3554 1463 3603 st

342 3646 406 3690 ram
428 3627 561 3690 iuramus
576 3626 780 3707 Hipparchum
795 3628 977 3704 Aratumque
992 3626 1209 3705 comparandos
1223 3625 1265 3687 illi
1280 3625 1419 3689 homines

343 3733 405 3776 non
428 3713 528 3788 fuisse,
550 3712 647 3774 donec
669 3712 853 3774 advenerunt
867 3711 995 3773 ministri
1010 3729 1045 3773 ac
1060 3712 1164 3774 toralia
1179 3723 1421 3791 praeposuerunt

341 3801 434 3884 toris,
454 3800 487 3861 in
509 3798 619 3878 quibus
634 3798 708 3860 retia
723 3806 810 3859 erant
824 3798 902 3877 picta
917 3796 1166 3876 subsessoresque
1181 3813 1249 3857 cum
1265 3796 1421 3862 venabulis

304 3900 319 3950 a
342 3897 372 3950 et
392 3895 473 3949 totns
487 3883 654 3947 venationis
675 3891 842 3964 apparatus.
874 3882 1002 3945 nemum
1018 3881 1192 3965 sciebamus,
1214 3900 1269 3963 quo
1284 3882 1419 3946 mittere-

341 3990 408 4036 mus
429 3970 616 4053 suspiciones
638 3978 763 4044 nostras‚
786 3987 855 4032 eum
878 3976 959 4030 extra
978 3967 1141 4030 triclinium
1156 3966 1269 4028 clamor
1283 3967 1418 4032 sublatus
1440 3982 1462 4031 tt

427 4178 442 4228 'l
460 4172 579 4237 soram·
595 4171 707 4239 putastis
719 4171 730 4238 Ι
744 4172 775 4225 11
793 4168 943 4223 fericulusta
961 4168 1012 4222 mel
1030 4167 1121 4222 babuit
1138 4169 1149 4236 Ι
1169 4171 1200 4222 16
1219 4168 1292 4221 arieti
1310 4170 1349 4223 illi
1361 4170 1371 4237 Ι
1385 4176 1418 4226 36

342 4248 504 4311 comparatos
521 4241 641 4295 Rohdtur
651 4238 664 4308 Ι
675 4241 707 4294 hl
727 4236 820 4292 telaria
837 4240 1028 4306 proposuernnt
