3417 4934
383 490 423 549 66
847 488 1001 543 structu

346 674 362 723 6
384 663 549 744 respiciens
571 662 607 723 ad
629 661 799 745 Eumolpon
824 667 852 723 ‘o
874 658 1039 744 poetarum’
1067 662 1167 741 inquit
1187 661 1409 747 ‘disertissimc‚
1434 671 1500 725 tuit

383 745 470 811 erasi
500 755 530 809 et
545 765 606 808 non
629 747 788 810 discedunt
803 748 888 810 ocius
903 747 1078 827 nequissimi
1092 748 1169 810 servi
1184 766 1355 828 manusque
1370 750 1466 811 conti·

384 842 459 896 nent
474 852 490 895 a
506 829 599 894 rixai'
1411 874 1413 878 -

346 1014 361 1064 t
465 1001 727 1077 l‘contubernalis
748 1019 813 1063 mea
835 938 1039 1063 mihi*lastum
1057 1002 1143 1064 lacit.
1186 1003 1237 1075 ita,
1259 968 1285 1063 si
1306 1020 1357 1064 me
1377 1012 1493 1081 amasi

381 1088 508 1150 maledic
522 1086 603 1149 illam
617 1086 765 1161 versibus,
781 1097 815 1149 ut
829 1086 938 1149 haheat
951 1085 1107 1167 pudorem’
1479 1093 1491 1143 t

324 1253 366 1323 97
437 1215 440 1220 ¹
469 1258 539 1319 dum
555 1256 720 1337 Eumolpus
734 1274 803 1318 cum
821 1194 948 1337 Bargate
963 1257 994 1319 in
1010 1266 1127 1319 secreto
1141 1255 1286 1335 loquitur,
1301 1256 1397 1318 intrat
1411 1265 1466 1320 sta·

383 1344 612 1424 bulum‘praeco
627 1360 696 1404 cum
710 1360 797 1405 servo
812 1342 935 1422 publico
949 1342 1066 1422 aliaque
1078 1360 1150 1403 sane
1161 1340 1278 1403 modica
1288 1342 1467 1422 frequentia,

383 1430 539 1508 facemque
561 1429 708 1490 lumosam
730 1427 824 1507 magis
846 1446 938 1507 quam
960 1426 1088 1490 lucidam
1104 1445 1249 1507 quassans
1263 1427 1338 1489 baec
1352 1428 1467 1508 procla·

348 1525 363 1575 t
384 1514 491 1576 marita
513 1512 600 1595 ‘puer
615 1513 647 1574 in
662 1512 771 1574 balneo
787 1513 877 1593 paulo
893 1521 963 1574 ante
978 1511 1135 1588 aberravit
1150 1530 1301 1574 annorum
1317 1512 1399 1575 circa
1412 1528 1468 1589 nu,

383 1600 515 1681 crispus,
537 1598 654 1673 mobis,
677 1598 842 1671 formosus,
866 1598 989 1660 nomine
1005 1597 1106 1660 Giton.
1135 1598 1160 1659 si
1176 1597 1327 1676 quiscum
1344 1598 1468 1662 reddere
1485 1606 1505 1656 tr

348 1697 364 1746 3
386 1693 437 1748 aut
458 1692 697 1746 commonstrare
718 1683 855 1758 voluerit,
878 1684 1005 1764 accipiet
1019 1702 1159 1745 nummos
1178 1680 1276 1744 mille’.
1309 1702 1367 1746 nec
1381 1684 1468 1764 longa

383 1789 400 1831 a
414 1772 566 1850 praecone
578 1767 714 1849 Ascyltos
725 1768 822 1830 stabat
833 1770 960 1831 amictus
974 1769 1134 1831 discoloria
1145 1776 1226 1831 reste
1237 1778 1328 1847 atque
1341 1769 1372 1830 in
1384 1769 1468 1831 lance

348 1867 363 1916 t
385 1863 526 1934 argentea
541 1853 684 1915 indicium
701 1862 731 1915 et
745 1854 833 1916 fldem
848 1853 1047 1935 praelerebat
1073 1854 1216 1935 imperavi
1227 1853 1340 1933 Gitoni,
1354 1862 1388 1916 ut
1401 1871 1469 1936 rap-

383 1940 438 2001 tim
452 1938 609 2019 grabatum
621 1938 737 2001 subiret
748 1947 984 2019 annecteretque
995 1940 1088 2020 pedes
1100 1950 1130 2001 et
1143 1958 1253 2001 manus
1267 1939 1389 2015 institis,
1405 1940 1469 2020 qui·

383 2024 440 2087 bus
455 2024 570 2104 sponda
585 2024 724 2086 culcitam
738 2024 863 2099 ferebat,
878 2043 913 2087 ac
928 2026 972 2087 sic
987 2034 1022 2086 ut
1036 2025 1108 2086 olim
1120 2024 1218 2087 Vlixes
1229 2023 1369 2105 Cyclopis
1383 2025 1468 2087 arieti
1486 2031 1507 2082 tt

383 2110 574 2183 adhaesisset,
598 2117 736 2172 extentus
751 2111 827 2171 inira
849 2109 1007 2190 grabatum
1030 2110 1226 2172 scrutantium
1250 2109 1386 2172 eluderet
1406 2128 1466 2171 ma-

349 2206 451 2257 cnus.
497 2213 559 2256 non
582 2203 628 2257 est
648 2203 781 2257 moratus
796 2194 885 2257 Giton
907 2196 1067 2274 imperium
1089 2204 1303 2275 momentoque
1324 2196 1470 2276 temporis

348 2292 363 2341 6
384 2279 513 2342 inseruit
532 2280 651 2342 vinculo
675 2297 781 2343 manus
803 2289 833 2342 et
847 2280 961 2343 Vlixem
976 2291 1043 2342 astu
1064 2281 1214 2343 simillimo
1235 2280 1315 2342 vicit.
1360 2298 1418 2361 ego
1434 2298 1470 2342 ne

381 2365 546 2445 suspicioni
561 2365 763 2445 relinquerem
779 2364 890 2440 locum,
905 2366 1047 2428 lectulum
1062 2366 1247 2428 vestimentis
1262 2364 1383 2445 impleri
1399 2366 1469 2428 uni·

382 2469 478 2531 usque
494 2450 623 2513 hominis
637 2450 795 2531 vestigium
811 2452 847 2513 ad
862 2452 1000 2532 corporis
1015 2452 1075 2513 mei
1089 2469 1262 2513 mensuram
1277 2451 1415 2530 figuravi.
1486 2457 1509 2510 a

348 2550 362 2598 r
470 2536 589 2597 interim
612 2535 748 2617 Ascyltos
768 2544 803 2599 ut
825 2537 990 2617 pererravit
1013 2556 1118 2599 omnes
1140 2555 1210 2599 cum
1231 2537 1344 2598 viatore
1367 2536 1466 2610 cebm,

383 2622 465 2683 venit
487 2620 652 2696 aduncam,
675 2629 705 2683 et
725 2622 784 2684 hoc
806 2623 927 2703 quidem
949 2622 1117 2703 pleniorem
1132 2641 1217 2703 spem
1232 2622 1383 2701 concepit,
1407 2639 1466 2703 quo

348 2719 363 2770 8
384 2707 555 2786 diligentius
578 2707 783 2788 oppessulatas
805 2708 921 2770 invenit
941 2708 1032 2769 fores.
1062 2706 1202 2788 publicus
1215 2726 1286 2769 vero
1301 2724 1407 2770 servus
1422 2707 1467 2768 in·

347 2804 363 2855 9
383 2801 499 2855 sertans
514 2792 718 2855 commissuris
731 2812 853 2855 secures
867 2793 1067 2855 claustrorum
1077 2794 1248 2855 firmitatem
1263 2792 1379 2854 laxavit.
1411 2810 1467 2873 ego

381 2876 418 2939 ad
439 2895 537 2958 genua
552 2877 661 2957 Ascylti
683 2876 832 2958 procubui
854 2887 885 2939 et
906 2896 962 2959 per
983 2880 1159 2940 memoriam
1181 2878 1328 2941 amicitiae
1351 2894 1468 2957 perque
1486 2883 1510 2934 tt

381 2964 554 3025 societatem
575 2961 761 3024 miseriarum
785 2962 867 3043 petii,
889 2971 924 3024 ut
938 2963 1043 3025 saltem
1059 2964 1232 3026 ostenderet
1246 2965 1382 3026 tratrem.
1413 2962 1469 3024 im·

381 3066 431 3110 mo
447 3058 481 3109 ut
495 3046 584 3108 fldem
600 3047 745 3109 baberent
759 3049 845 3111 lictae
860 3066 976 3128 preces,
991 3049 1065 3111 ‘scio
1080 3048 1120 3110 te'
1136 3050 1260 3130 inquam
1275 3047 1417 3129 ‘Ascylte
1433 3046 1468 3109 ad

382 3131 580 3194 occidendum
595 3150 643 3192 me
658 3133 785 3195 venisse.
815 3150 876 3213 quo
888 3134 969 3195 enim
984 3152 1105 3196 secures
1117 3133 1262 3197 attulisti?
1278 3135 1378 3213 itaque
1393 3133 1467 3195 satia

383 3217 565 3279 iracundiam
587 3225 685 3279 tuamr
714 3216 845 3299 praebeo
875 3236 946 3280 ecce
974 3220 1131 3294 cervicem,
1161 3221 1254 3282 lunde
1277 3218 1467 3300 sanguinem,

337 3314 365 3365 10
386 3321 476 3384 quem
490 3301 546 3364 sub
562 3312 719 3383 praetextu
734 3304 919 3384 quaestionis
933 3301 1053 3385 petisti’.
1083 3306 1226 3368 amolitur
1241 3306 1378 3386 Ascyltos
1393 3304 1469 3366 invi·
1487 3311 1512 3363 at

384 3389 462 3451 diam
477 3397 508 3449 ct
522 3405 639 3450 severo
656 3388 731 3451 nihil
745 3389 826 3451 aliud
841 3407 931 3469 quam
947 3390 1103 3469 fugitivum
1118 3409 1208 3453 suum
1224 3391 1297 3453 dixit
1313 3406 1469 3470 quaerere,

384 3480 512 3535 mortem
527 3490 584 3534 nec
599 3473 730 3537 bominis
745 3476 925 3555 concupisse
941 3494 999 3538 nec
1014 3476 1168 3557 supplicis,
1183 3477 1288 3557 utique
1299 3477 1365 3538 cius
1379 3491 1470 3557 quern

329 3554 373 3625 98
386 3566 455 3640 post
468 3558 586 3619 fatalem
601 3558 694 3621 rixam
708 3559 862 3623 habuisset
875 3561 1070 3623 carissimum.
1100 3570 1130 3623 at
1141 3581 1203 3624 non
1215 3580 1318 3624 servus
1329 3560 1470 3643 publicus

385 3654 447 3707 tam
460 3643 599 3723 languide
613 3644 683 3724 agit,
697 3646 750 3707 sed
761 3654 876 3726 raptam
888 3646 1018 3727 cauponi
1029 3646 1227 3710 harundinem
1241 3646 1346 3710 subter
1355 3648 1468 3710 lectum

387 3729 479 3793 mittit
493 3727 654 3808 omniaque
669 3729 757 3792 etiam
773 3731 920 3793 foramina
931 3732 1080 3812 parietum
1091 3741 1253 3795 scrutatur.
1284 3729 1471 3796 subducebat
1488 3740 1512 3792 tt

388 3816 478 3878 Giton
499 3813 537 3875 ab
560 3813 623 3876 ictu
644 3832 754 3897 corpus
776 3825 806 3878 et
820 3816 946 3879 reducto
961 3817 1146 3880 timidissime
1160 3818 1267 3899 spiritu
1282 3819 1364 3899 ipsos
1378 3816 1470 3883 scini-

389 3900 464 3982 phes
478 3918 531 3961 ore
545 3899 688 3978 tangebat

471 4056 488 4105 4
504 4051 689 4118 praepositum
706 4048 830 4117 Bargates
854 4056 1005 4118 procurator
1027 4050 1059 4104 ad
1077 4050 1252 4120 Eumolpumll
1268 4056 1299 4107 15
1312 4052 1402 4110 Vlixes
1424 4073 1470 4127 pra

387 4120 468 4172 aucte
480 4119 490 4187 ΙΙ
504 4122 537 4173 22
549 4119 592 4172 bic
602 4118 779 4171 Bummaaur
793 4120 798 4184 Ι
832 4118 906 4187 uodl
920 4122 954 4173 24
965 4120 1148 4173 commissuras
1159 4134 1250 4173 secure
1259 4121 1470 4189 Scab'garcnur:

383 4191 453 4258 puto
470 4202 587 4241 securem
601 4187 608 4255 Ι
622 4185 797 4242 infirmitatem
814 4134 832 4256 V
851 4189 884 4242 ³2
902 4191 1031 4255 emptam
1054 4202 1103 4240 nec
1123 4192 1233 4241 mortem
1250 4189 1364 4246 hominis
1380 4210 1404 4250 a.
1422 4209 1469 4248 nec

387 4254 612 4324 suppliciumque
629 4254 751 4318 sertam
766 4261 870 4324 praeter
884 4259 889 4324 Ι
904 4255 996 4312 hahuit
