3417 4934
717 490 923 547 emensum
1300 492 1363 552 111

782 661 862 727 llll*

367 767 538 848 Fulpeetiue
552 765 656 829 ibidem
666 762 711 831 60
722 787 752 849 p.
763 761 844 830 567.-
859 765 1016 828 manubiae
1031 766 1174 829 dieuntur
1188 775 1364 830 ornamenta

279 872 399 934 regum.
429 853 510 915 unde
524 860 555 914 et
568 852 730 915 Petronius
745 851 866 913 Arbiter
880 851 921 913 ait
942 858 997 913 ‘tot
1015 869 1120 931 regum
1136 853 1296 916 manubiae
1311 872 1365 933 pe-

280 959 337 1004 nes
352 936 673 1020 fugitivumrepertae'
916 965 918 969 ³

368 1037 506 1092 manubies
522 1037 666 1104 utrobique
684 1038 747 1089 libri

780 1189 871 1253 Xlll*

370 1293 545 1375 Pulpeate'ue
565 1292 671 1355 ibidem
685 1288 728 1356 61
738 1312 770 1374 p.
785 1287 868 1357 567.-
888 1291 1050 1354 aumatium
1072 1291 1183 1354 dieitur
1203 1292 1302 1356 locum
1318 1313 1366 1356 se-

284 1388 402 1443 eretum
416 1378 574 1461 publicum
589 1378 667 1441 sieut
680 1378 711 1439 in
728 1378 854 1439 theatris
868 1386 921 1439 aut
941 1377 972 1440 iu
989 1377 1079 1439 eirea.
1098 1378 1197 1440 ‘unde
1218 1386 1248 1440 et
1262 1379 1366 1441 Petro-

284 1466 356 1529 nius
369 1464 491 1528 Arbiter
506 1464 547 1525 ait
562 1463 603 1526 ‘in
619 1463 782 1526 aumatium
796 1473 909 1525 memet
922 1462 1022 1543 ipsum
1037 1460 1162 1525 eonieei'

371 1563 544 1617 automatinm
564 1563 704 1617 liceuriae

790 1716 873 1779 Xllll

372 1819 505 1883 leidomee
518 1822 669 1899 eripiam
683 1805 775 1899 V'26,
788 1814 825 1883 7:
838 1818 926 1881 dolus
941 1829 987 1881 est
996 1820 1106 1882 mentis
1119 1820 1266 1884 calliditas
1279 1820 1317 1882 ab
1332 1839 1368 1882 eo

285 1906 368 1987 qnod
384 1905 522 1970 deludat:
543 1904 623 1968 aliud
646 1905 726 1967 enim
748 1905 823 1985 agit,
847 1903 927 1966 alind
953 1904 1083 1967 simulat.
1112 1906 1271 1969 Petronius
1285 1906 1370 1968 aliter

286 1991 439 2054 existimat
452 1991 556 2053 dieens
570 1991 651 2071 ‘quid
667 1999 722 2065 est,
744 1990 872 2066 iudices,
896 1988 1004 2052 delusi
1026 1991 1167 2053 nimirum
1188 1991 1240 2053 ubi
1259 1989 1370 2071 aliquid

286 2079 400 2140 laetum
415 2086 461 2140 est
471 2074 554 2154 quod
564 2074 623 2156 legi
635 2076 726 2141 dolet.
756 2074 873 2138 habetis
887 2074 1004 2137 dolum:
1020 2077 1145 2157 aecipite
1157 2076 1369 2139 nunemalum'

828 2262 852 2321 V

373 2364 550 2445 pioesorioos
560 2363 593 2427 S.
604 2364 742 2446 Dionysii
748 2384 757 2425 ε
772 2261 916 2444 pextaurus
927 2381 1024 2442 genus
1034 2364 1106 2427 ludi.
1132 2364 1293 2428 Petronius
1308 2372 1370 2447 ‘pe-

286 2460 438 2530 tauroque
453 2449 577 2512 iubente
590 2450 681 2512 modo
696 2446 853 2529 superior’.
884 2468 990 2511 narrm

374 2550 536 2616 legebantur
552 2546 669 2609 sortasse
686 2551 718 2599 ias
736 2548 834 2600 laeena
847 2563 906 2615 esp.
919 2552 952 2602 al
969 2566 996 2616 p.
1011 2551 1052 2614 35,
1070 2551 1103 2602 30
1122 2608 1125 2613 ,

746 2741 756 2785 ·.
798 2702 863 2765 xv1

375 2804 538 2868 Petronius
567 2805 650 2868 ‘satis
673 2812 823 2868 tonsuret
845 2824 898 2868 eos
927 2805 984 2867 nisi
1007 2805 1166 2868 inclinatos
1188 2824 1250 2867 non
1273 2806 1371 2868 solere

285 2890 420 2954 transire
442 2898 579 2972 cryptam
593 2888 827 2971 Neapolitanam'
841 2909 880 2953 ear
897 2890 1037 2971 ploesorio
1052 2889 1083 2952 S.
1099 2890 1243 2971 Diooepsii.
1265 2910 1371 2953 neurim

778 3057 883 3122 xvir*

375 3147 410 3207 ier
431 3144 489 3209 olio
511 3143 670 3224 plenarie:

398 3230 518 3311 Suppes
532 3230 719 3312 suppumpis,
734 3230 793 3293 boe
808 3239 854 3292 est
868 3230 984 3311 supinis
997 3230 1133 3311 pedibus.
1163 3232 1285 3293 Petron.

399 3314 505 3392 Tullia,
521 3314 617 3376 media
632 3315 679 3377 vel
694 3316 785 3397 regia.
815 3316 986 3378 Petronius.
1015 3335 1154 3379 rrrnonvs

375 3418 442 3466 sarni
455 3413 562 3481 glossae
578 3419 679 3468 osterse
695 3415 902 3481 poeoniorum
919 3417 1041 3482 semoris
1058 3414 1201 3469 Goeisioni
1213 3418 1265 3471 Vll
1278 3434 1307 3484 p.
1317 3418 1374 3472 820

289 3487 318 3534 ei
332 3482 398 3547 871)
414 3482 455 3535 ad
469 3483 635 3536 Petroniana
653 3485 786 3551 quaedam
803 3482 863 3536 loea
881 3483 984 3535 reioioe
994 3486 1030 3535 ab
1042 3482 1184 3550 scaligero
1196 3487 1289 3551 itaque
1300 3484 1372 3548 salso

288 3554 440 3618 insignita
448 3554 557 3604 nomine
564 3553 696 3619 Petronii,
714 3551 750 3615 ef.
765 3550 854 3606 eoru.
872 3552 930 3605 ind.
947 3554 1029 3605 sobol.
1046 3553 1100 3607 bib.
1111 3554 1167 3607 len.
1180 3554 1246 3608 ieri
1255 3571 1284 3622 p.
1296 3555 1373 3609 lVes

873 3703 890 3742 t

378 3805 522 3870 Nimious
537 3801 671 3873 Perottus
687 3705 900 3891 Ceramiae
911 3829 942 3891 p.
953 3805 1029 3893 200,
1043 3806 1087 3873 26
1101 3810 1236 3874 editioris
1250 3810 1373 3875 Alaiiaoe

291 3895 368 3956 nasei
388 3886 492 3956 1513:
520 3891 645 3957 Cosmus
665 3894 753 3956 etiam
775 3894 925 3957 excellens
945 3896 1164 3975 unguentarius
1182 3898 1252 3969 luit,
1273 3916 1291 3958 a
1311 3917 1372 3977 quo

292 3983 450 4059 unguenta
465 3976 544 4042 dieta
563 3987 636 4042 eunt
647 3977 812 4043 Cosmiano.
843 3981 921 4042 idem
938 3978 1099 4063 [luoeeelis
1108 3976 1139 4056 8,
1150 3977 1207 4064 ai]
1223 3986 1263 4043 ‘et
1274 3981 1373 4046 Cosmi

291 4070 357 4212 a?
371 4070 526 4173 mergatur
539 4062 657 4130 aheno’.
686 4065 845 4128 Petronius
861 4065 945 4127 ‘aller
959 4066 1056 4142 nobis,
1070 4066 1178 4146 inquit,
1193 4065 1372 4131 alabastrum

350 4166 445 4212 msanr

731 4322 937 4331 ———-
