3417 4934
374 490 416 547 34
834 489 989 544 Pnruoxn

374 662 526 742 congessit
540 670 570 724 et
584 680 634 724 eas
648 662 798 738 incendit3
814 665 908 725 laetae
923 664 1039 725 suntin
1057 682 1152 725 unum
1167 681 1236 725 aera
1251 661 1452 725 miscellanea.

336 761 352 810 6
373 750 412 810 ita
428 768 462 809 ex
478 748 535 809 hac
549 766 643 810 massa
658 748 735 810 labri
750 749 938 811 sustulerunt
952 759 983 812 et
996 751 1136 811 fecerunt
1150 748 1247 811 catilla
1268 757 1298 809 et
1312 749 1451 829 paropsi·
1506 771 1516 812 r

375 835 426 895 des
440 845 467 895 et
481 833 658 895 statuncula.
684 834 727 896 sic
743 834 902 896 Corinthea
915 845 982 896 nata
996 844 1077 909 sunt,
1093 854 1130 896 ex
1144 834 1284 896 omnibus
1298 833 1329 895 in
1346 853 1450 909 unum,

336 933 350 981 t
375 938 431 980 nec
445 920 504 981 hoc
520 937 576 981 nec
591 919 673 981 illud.
706 920 869 1000 ignoscetis
884 921 965 995 mihi,
981 920 1063 1001 quod
1077 921 1195 983 dixero:
1214 938 1269 1001 ego
1285 920 1363 981 malo
1379 919 1450 982 mihi
1506 942 1516 983 r

374 1006 474 1079 vitrea,
490 1013 570 1067 certe
585 1024 647 1067 non
663 1006 757 1068 olunt.
792 1007 912 1086 quodsi
928 1025 990 1068 non
1006 1008 1224 1086 frangerentur,
1246 1005 1365 1067 medem
1378 1004 1475 1071 mihit
1515 1029 1516 1034 ¹

323 1087 364 1155 51
375 1110 464 1171 quam
479 1109 601 1165 aurum;
619 1109 701 1153 ntrnc
715 1100 813 1154 antem
829 1092 896 1153 vilia
911 1102 992 1154 sunt.
1030 1093 1086 1154 luit
1106 1102 1205 1153 tamen
1227 1092 1312 1153 saber
1334 1092 1386 1171 qni
1407 1091 1449 1153 le-
1506 1115 1516 1154 ι

336 1189 350 1237 2
373 1177 413 1238 eit
427 1175 554 1255 phialam
570 1178 702 1251 vitream,
718 1195 794 1257 quae
811 1197 872 1239 non
888 1178 1091 1258 frangebatur.
1128 1177 1273 1239 admissus
1292 1195 1366 1257 ergo
1380 1176 1449 1239 Cae·
1510 1197 1516 1238 t

374 1280 468 1324 sarem
486 1272 530 1324 est
546 1280 614 1323 curn
629 1282 683 1324 suo
698 1281 833 1337 munere,
857 1263 964 1325 deinde
985 1264 1056 1325 lecit
1073 1282 1106 1325 se
1121 1264 1275 1343 porrigere
1290 1262 1409 1325 Caesari
1423 1270 1452 1323 et
1515 1286 1516 1289 ¹

336 1360 351 1407 3
373 1348 450 1409 illam
473 1347 505 1408 in
525 1347 728 1428 pavimentum
754 1349 889 1429 proiecit.
928 1348 1036 1411 Caesar
1055 1368 1117 1411 non
1140 1358 1210 1430 pote
1230 1348 1343 1410 valdius
1365 1365 1450 1427 quam

375 1434 498 1513 expavit.
535 1443 565 1494 at
585 1433 634 1495 ille
656 1434 775 1495 sustulit
790 1434 917 1515 phialam
933 1435 969 1496 de
983 1445 1079 1512 terra;
1102 1434 1203 1496 collisa
1226 1442 1290 1495 erat
1309 1443 1449 1513 tanquan

335 1531 350 1580 4
372 1537 474 1581 vasum
495 1537 636 1595 aeneum3
664 1519 772 1581 deinde
798 1520 966 1581 martiolum
986 1520 1023 1581 de
1042 1520 1110 1582 sinu
1131 1519 1258 1600 protulit
1278 1528 1309 1581 et
1323 1519 1449 1599 phialam

336 1616 350 1665 5
372 1605 432 1665 otio
454 1603 531 1665 belle
552 1605 690 1665 correxit.
728 1606 786 1665 boc
807 1608 885 1667 facto
906 1604 1029 1686 putabat
1050 1624 1082 1667 se
1103 1605 1218 1667 soleum
1240 1603 1317 1668 loris
1337 1613 1450 1677 tenere,

374 1690 476 1769 ntique
488 1698 645 1770 postquam
662 1689 768 1753 Caeam
781 1691 822 1752 illi
838 1691 925 1752 dixit:
943 1690 1109 1771 “numquid
1125 1690 1199 1753 alius
1213 1690 1270 1753 seit
1284 1689 1365 1753 hanc
1379 1708 1450 1752 con·

335 1786 350 1834 6
371 1775 498 1835 diturum
512 1776 674 1836 vitreorum
681 1774 717 1836 ‘l”
738 1775 804 1837 vide
819 1777 918 1838 modo.
953 1786 1109 1857 postquam
1126 1776 1253 1856 negarit,
1269 1776 1355 1838 iussit
1369 1776 1450 1838 illum

373 1860 480 1922 Caesar
503 1859 656 1925 decollari:
683 1862 751 1940 quia
775 1863 865 1936 enirn,
892 1863 917 1925 si
938 1862 1046 1924 scitum
1069 1871 1157 1936 esset,
1184 1880 1290 1923 aarum
1311 1880 1368 1941 pro
1388 1861 1487 1932 lntott

281 1960 283 1965 '
320 1942 559 2013 52haberemns.
602 1946 633 2012 in
656 1955 779 2027 argento
800 1948 890 2028 plane
910 1949 1061 2010 studiosus
1084 1966 1161 2009 snm.
1207 1946 1303 2009 babeo
1324 1947 1452 2028 scyphos

371 2031 491 2093 urnales
510 2032 578 2111 plus
599 2032 698 2094 minus
716 2032 752 2095 0:
781 2034 1029 2113 quemadmodum
1051 2032 1216 2095 Cassandra
1243 2032 1354 2094 occidit
1377 2032 1453 2095 filios

334 2130 349 2179 2
372 2137 451 2191 suos,
468 2126 498 2179 et
511 2117 597 2198 pueri
614 2119 724 2179 mortui
738 2118 837 2180 iacent
851 2120 895 2180 sic
914 2128 948 2180 ut
963 2120 1060 2181 vivere
1081 2128 1178 2198 putes.
1219 2118 1314 2180 habeo
1334 2118 1453 2199 capides

374 2203 412 2277 Μ,
438 2222 511 2284 quas
533 2203 654 2281 reliquit
675 2213 801 2284 patrono
822 2223 886 2267 meo
908 2204 1077 2280 Mummius,
1099 2204 1152 2266 ubi
1167 2204 1313 2267 Daedalus
1327 2203 1452 2266 Niobam

337 2301 352 2349 3
373 2290 405 2350 in
421 2307 532 2368 equum
547 2288 710 2350 Troianum
724 2289 861 2351 includit.
891 2309 959 2351 nam
974 2290 1159 2352 Hermerotis
1174 2308 1290 2371 pugnas
1305 2298 1336 2351 et
1350 2290 1453 2352 Petra·
1469 2295 1491 2349 ²

376 2374 424 2436 itis
438 2374 469 2435 in
485 2373 602 2454 poculis
617 2373 722 2447 habeo,
741 2376 841 2437 omnia
857 2376 1041 2455 ponderosa;
1063 2394 1161 2437 meum
1185 2376 1265 2437 enim
1287 2375 1454 2456 intelligere

376 2460 456 2522 nulla
470 2460 598 2540 pecunia
613 2460 729 2523 vendo’

338 2558 353 2607 4
459 2546 533 2608 haec
549 2546 621 2608 dum
635 2548 736 2621 relert,
751 2565 828 2627 puer
842 2546 965 2609 calicem
981 2547 1117 2627 proiecit.
1139 2548 1175 2608 ad
1188 2564 1276 2626 quern
1289 2545 1455 2628 respiciens

375 2631 554 2693 Trimalchio
572 2631 649 2693 ‘cito’
665 2633 763 2713 inquit
778 2639 818 2694 ‘te
832 2633 932 2712 ipsum
946 2634 1044 2706 caede,
1067 2632 1136 2712 quia
1152 2650 1251 2711 nugax
1266 2630 1318 2693 es’.
1355 2632 1454 2695 statim

339 2730 354 2779 5
375 2736 451 2797 puer
465 2718 592 2780 demisso
609 2717 692 2779 labro
709 2737 805 2779 orare.
842 2729 873 2780 at
893 2717 942 2779 ille
958 2718 1038 2798 ‘quid
1054 2718 1111 2780 me‘
1132 2717 1230 2797 inquit
1244 2715 1363 2797 ‘regest
1386 2727 1453 2779 tan·
1470 2723 1494 2778 a

379 2822 467 2882 quam
483 2823 538 2883 ego
555 2803 608 2865 tibi
619 2804 763 2866 molestus
774 2804 839 2865 sim.
863 2804 983 2878 suadeo,
998 2812 1056 2865 ate
1066 2804 1216 2884 impetres,
1232 2822 1271 2864 ne
1282 2803 1323 2865 sis
1334 2801 1455 2883 nugax'.

340 2901 355 2951 6
376 2889 495 2950 tandem
519 2907 589 2968 ergo
611 2898 748 2951 exoratus
770 2908 787 2949 a
809 2888 898 2951 nobis
922 2888 1094 2951 missionem
1109 2889 1190 2951 dedit
1210 2907 1315 2969 puero.
1347 2888 1398 2951 ille
1412 2888 1455 2951 di·

378 2975 486 3037 missus
501 2975 580 3036 circa
596 2993 728 3036 mensam
744 2973 928 3055 percucurrit

340 3160 354 3208 7
378 3155 408 3207 et
422 3151 539 3224 ‘aquarn
556 3145 645 3218 foras,
661 3144 762 3205 vinum
777 3144 869 3206 intro'
883 3144 1019 3206 clamarit
1186 3144 1352 3225 excipimus
1366 3144 1457 3206 urba·

380 3230 501 3292 nitatem
518 3230 652 3305 iocantis,
668 3239 698 3291 et
712 3239 781 3293 ante
796 3249 904 3293 omnes
918 3233 1133 3309 Agamemnon,
1148 3230 1199 3309 qui
1211 3229 1332 3303 sciebat,
1347 3229 1458 3309 quibus
1474 3237 1498 3289 n

342 3316 491 3379 emeritis
517 3323 707 3378 revocaretur
732 3317 767 3378 ad
795 3334 909 3378 cenam.
954 3324 1087 3377 ceterum
1116 3316 1251 3377 laudatus
1276 3315 1457 3378 Trimalchio

380 3401 501 3464 hilarius
517 3402 592 3463 bibit
606 3412 636 3463 et
650 3401 708 3463 iam
725 3401 808 3464 ebrio
824 3402 978 3482 proximus
998 3397 1106 3462 ‘nemo'
1129 3401 1229 3482 inquit
1245 3408 1384 3463 ‘vestrum
1408 3419 1459 3463 ro·

380 3496 430 3567 gat
444 3486 637 3549 Fortunatam
653 3506 759 3563 meam,
775 3499 808 3549 ut
822 3485 931 3550 saltet?
958 3488 1070 3549 credite
1085 3486 1173 3551 mihi:
1196 3486 1351 3549 cordacem
1368 3506 1458 3549 nemo

382 3572 487 3635 melius
501 3572 601 3635 ducit’.

344 3670 469 3739 eatque
494 3659 559 3739 ipse
585 3659 691 3721 erectis
716 3677 807 3739 supra
833 3660 962 3720 frontem
989 3658 1127 3720 manibus
1147 3658 1254 3738 Syrum
1281 3657 1500 3721 histrionemtt

332 3758 360 3808 to
381 3744 539 3807 exhibebat
553 3744 733 3806 concinente
748 3754 810 3806 tota
825 3745 948 3806 familia:
964 3735 1090 3828 μάδεια
1105 3741 1321 3826 περιμάόεια.
1343 3752 1374 3805 ct
1387 3762 1458 3825 pro·

383 3831 473 3893 disset
483 3831 514 3891 in
527 3830 666 3904 medium,
683 3831 740 3893 nisi
752 3830 915 3893 Fortunata
926 3830 963 3892 ad
974 3849 1076 3891 aurem
1088 3830 1273 3910 accessisset3
1290 3823 1341 3915 [et]
1358 3829 1460 3902 credo,

332 3929 360 3980 11
381 3916 489 3978 dixerit
504 3935 565 3978 non
582 3916 689 3978 decere
708 3918 878 3997 gravitatem
901 3916 964 3979 cius
983 3926 1042 3977 tam
1064 3915 1190 3977 humiles
1210 3915 1347 3996 ineptias.
1386 3914 1461 3977 nihil

470 4073 564 4122 5certe
576 4067 666 4120 nolunt
677 4067 687 4135 ΙΙ
702 4070 717 4120 8
730 4068 791 4120 lecit
801 4068 959 4135 reporrigere
972 4067 982 4134 Ι
995 4065 1193 4134 evalidiusotoll
1208 4066 1346 4120 llcolenm
1359 4065 1370 4132 l
1385 4068 1418 4119 18
1427 4066 1460 4118 si·

384 4133 1461 4205 cutiveretrepidemquaereliquitpatronornmmeus[libletraitesbioglndiator

384 4208 414 4256 in
425 4209 605 4258 monumentis
616 4209 730 4255 vocator·
735 4207 864 4271 plurimis
876 4206 886 4271 Ι
899 4208 932 4257 25
944 4205 1045 4256 labrore
1057 4210 1096 4256 at:
1109 4218 1181 4255 orere
1191 4204 1278 4269 coepit
1287 4200 1461 4271 Strelitza'osll

386 4276 416 4326 tt
430 4289 492 4341 ergo
505 4278 662 4341 corruptum
674 4290 709 4325 eea
721 4289 782 4326 vero
801 4277 850 4325 out
859 4275 1061 4340 praecesserant
1069 4271 1126 4323 olio
1139 4273 1172 4323 ab
1185 4275 1363 4339 epitomatore
1371 4274 1460 4323 recisa
