3417 4934
222 516 225 521 v
292 443 353 505 154
757 440 907 503 camme

322 631 351 682 to
393 621 442 684 ille
460 619 683 683 Pelethroniam
699 621 810 683 cecinit
824 622 993 686 miserabile
1009 641 1129 686 carmon

435 705 470 767 ad
483 705 638 782 citharam,
653 705 768 769 cithara
782 708 898 771 tensior
912 709 976 789 ipse
990 727 1054 771 sua.

394 790 503 854 nobilis
517 791 591 853 lrinc
607 799 675 853 nata
692 810 801 873 nempe
816 794 923 874 incipit
936 794 1004 857 llias
1019 794 1073 868 ira,

435 876 619 959 principium
635 877 712 940 sacri
727 878 868 942 carminis
883 878 931 940 illa
946 880 1012 943 fuit.

393 962 486 1025 altera
500 962 624 1025 materia
639 972 686 1025 est
700 980 786 1025 error
800 956 930 1027 fallentis
945 964 1037 1041 Vlixi3

321 1056 351 1108 tt
437 1047 462 1110 si
477 1065 580 1109 verum
597 1065 731 1126 quaeras,
747 1049 965 1130 huncquoque
980 1051 1072 1111 movit
1087 1068 1181 1112 amor.

391 1132 441 1195 hic
452 1132 561 1212 legitur
576 1132 668 1208 radix,
683 1132 720 1194 de
735 1152 793 1213 qua
809 1135 864 1197 llos
878 1153 987 1198 aureus
1001 1136 1070 1208 exit,

436 1236 525 1298 quam
541 1237 609 1281 cum
625 1217 720 1301 μῶλυ
736 1228 829 1293 vocat,
844 1221 978 1283 mentula
991 1220 1088 1303 μῶλυ
1103 1221 1170 1282 luit.

392 1304 441 1367 hic
455 1303 583 1384 legimus
598 1303 704 1366 Circen
721 1304 979 1385 Atlantiademque
995 1305 1141 1388 Calypson

437 1390 560 1471 grandia
575 1388 703 1452 Dulichii
718 1408 785 1451 vasa
800 1390 911 1471 petisse
925 1392 990 1453 viri.

322 1483 352 1535 25
395 1474 485 1538 buius
500 1483 530 1537 et
545 1475 662 1537 Alcinoi
674 1475 778 1536 mirata
794 1485 840 1537 est
853 1477 913 1538 filia
927 1476 1097 1543 membrum

438 1560 591 1623 frondenti
606 1579 690 1623 ramo
705 1560 751 1622 rix
767 1561 902 1641 potuisse
917 1563 986 1643 tegi.

395 1645 431 1707 ad
447 1646 575 1708 vetulam
590 1656 689 1708 tamen
707 1646 757 1707 illc
771 1664 854 1709 suam
870 1646 1064 1728 properabat,
1080 1654 1110 1708 et
1124 1648 1220 1710 omnis

436 1748 524 1793 meus
539 1741 603 1793 erat
618 1732 649 1792 in
665 1750 778 1807 cunno,
790 1731 971 1815 Penelopea,
986 1741 1056 1797 tuo:

396 1833 473 1895 quae
488 1817 531 1878 sic
547 1826 626 1879 casta
641 1834 753 1890 manes,
769 1825 803 1878 ut
818 1817 876 1878 iam
891 1818 1025 1880 convivia
1041 1818 1117 1880 visas

439 1909 532 1981 utque
547 1903 714 1964 fututorum
729 1901 768 1964 sit
782 1910 833 1963 tua
849 1903 936 1981 plena
952 1904 1067 1967 domus.

395 2005 412 2047 e
428 1986 537 2067 quibus
552 1996 586 2049 ut
600 1987 693 2050 scires
709 1988 882 2067 quicunque
897 1989 1042 2051 valentior
1056 1997 1143 2062 esset,

438 2073 511 2135 baec
526 2092 558 2135 es
573 2073 609 2135 ad
624 2080 758 2135 arrectos
773 2072 863 2134 verba
878 2073 978 2136 locuta
993 2093 1118 2155 procos:

396 2163 495 2220 ‘nemo
511 2176 578 2221 meo
593 2158 700 2221 melius
716 2176 840 2220 nervum
855 2158 999 2222 tondebat
1012 2159 1104 2235 Vlixe,

437 2244 498 2306 sive
514 2244 556 2305 illi
571 2245 697 2306 laterum
713 2244 774 2306 sive
790 2253 854 2306 erat
869 2244 942 2307 artis
957 2264 1042 2327 opus.

397 2331 448 2411 qui
464 2330 605 2409 quoniam
620 2329 719 2411 periit,
734 2347 786 2392 vos
803 2348 885 2392 nunc
900 2330 1057 2406 intendite,
1074 2329 1192 2411 qualem

439 2434 503 2478 esse
517 2415 614 2477 virum
630 2415 736 2490 sciero,
751 2414 796 2476 vir
810 2415 850 2477 sit
864 2424 899 2476 ut
912 2415 962 2477 ille
978 2414 1081 2479 meus!

395 2503 451 2564 hac
467 2518 533 2581 ego,
549 2500 710 2582 Penelope,
726 2500 811 2582 potui
826 2499 879 2562 tibi
895 2501 961 2581 lege
975 2502 1105 2582 placere,

438 2586 488 2648 illo
504 2586 555 2648 sed
571 2586 707 2649 nondum
722 2593 859 2666 tempore
874 2587 969 2649 sactus
984 2605 1074 2649 eram.

767 2754 899 2819 LXVllll

396 2858 470 2921 Cum
484 2858 534 2920 fici
548 2858 603 2921 tibi
617 2858 747 2921 suavitas
762 2857 875 2919 subibit

395 2952 425 3005 et
439 2944 496 3005 iam
511 2944 666 3025 porrigere
682 2944 741 3005 huc
756 2961 878 3005 manum
894 2942 1008 3017 libebit,

394 3028 431 3091 ad
445 3048 494 3090 me
509 3030 635 3109 respice,
652 3030 711 3103 fur,
727 3037 757 3090 et
772 3029 936 3103 aestimato,

396 3124 468 3194 quot
484 3113 586 3195 pondo
603 3113 715 3177 esttibi
730 3113 895 3176 mentulam
910 3114 1084 3176 occandum.

395 3385 491 3449 lllusit
504 3386 578 3448 milri
593 3405 707 3467 pauper
722 3385 900 3465 inquilinus,

395 3491 463 3534 cum
479 3471 573 3535 libum
588 3472 710 3534 dederat
724 3470 863 3550 molaque
879 3471 953 3544 lusa,

395 3557 525 3638 quadrae
539 3556 674 3641 partibus
690 3556 796 3619 abditis
810 3557 841 3617 in
858 3556 969 3636 ignem,

391 3662 476 3706 sacro
491 3645 629 3725 protinus
644 3643 716 3704 hinc
731 3641 792 3704 abit
806 3650 940 3721 peracto.

333 3740 348 3788 5
391 3729 481 3791 vicini
497 3730 580 3791 canis
594 3730 655 3792 buo
670 3726 798 3791 subinde
812 3726 895 3787 vonit

391 3815 538 3889 nidorem,
554 3822 640 3897 puto,
654 3822 812 3895 persecuta
827 3812 912 3887 lumi,

338 4019 341 4023 ’
376 4031 475 4085 tltvttt
490 4035 521 4087 18
532 4032 567 4085 ile
578 4033 762 4085 Baebremius
777 4030 782 4100 Ι
797 4032 827 4084 m
843 4031 943 4083 lacteus
955 4028 1082 4096 Scaliger
1096 4026 1103 4098 Ι
1119 4029 1153 4082 22
1207 4042 1250 4082 em
1264 4022 1271 4097 Ι
1284 4030 1338 4098 dit

291 4101 439 4171 quoqueL.
452 4100 597 4154 Muellerus
612 4098 617 4168 Ι
632 4102 666 4154 34
686 4114 733 4152 sen
752 4098 800 4153 luit
818 4098 889 4167 aliil
905 4101 937 4153 38
955 4104 1032 4179 natus
1051 4044 1337 4168 quidonrmm

291 4170 335 4239 qul
352 4170 442 4236 volgo,
459 4169 531 4221 onas
545 4171 625 4234 prius
649 4171 817 4221 conlocaram
835 4168 881 4235 qni
898 4182 958 4219 cum
972 4166 1035 4237 ‘lrbo
1055 4165 1146 4218 aderat
1167 4164 1291 4238 noloque
1301 4164 1338 4242 ad

290 4252 399 4307 quornm
413 4237 451 4307 Ι3
471 4252 578 4306 quarum
595 4236 639 4289 vol
659 4251 738 4305 quare
753 4238 758 4306 Ι
773 4239 789 4290 d
806 4240 945 4304 prosecuta
959 4250 1049 4303 parm
1069 4248 1160 4287 mor
1223 4247 1228 4282 :
