3417 4934
759 465 914 522 cantssrta

798 638 853 699 llll

396 740 548 803 Obscenos
563 740 659 819 rigido
674 740 731 802 deo
745 740 870 802 tabellas

396 825 499 887 dicans
514 844 549 887 ex
565 825 780 906 Elephantidos
794 826 902 888 libellis

396 910 445 971 dat
460 912 573 973 donum
589 911 697 990 Lalage
711 920 866 991 rogatque,
881 919 1019 991 temptes,

396 996 421 1058 si
436 996 531 1076 pictas
546 1014 623 1077 opus
638 998 705 1058 edat
719 998 755 1057 ad
771 998 890 1076 figuras.

821 1130 844 1187 V

396 1232 492 1316 Quam
507 1251 602 1313 puero
617 1233 714 1314 legem
730 1234 826 1294 fertur
841 1234 950 1296 dixisse
964 1209 1101 1315 Priapus,

438 1316 573 1382 versibus
587 1317 636 1379 hic
652 1318 855 1399 infrascripta
872 1319 991 1382 duobus
1006 1320 1077 1381 erit:
1143 1333 1146 1338 ·
1165 1324 1168 1397 ᾗ

396 1403 707 1552 ‘llllhthhllll
722 1397 1201 1569 lllldllhhll⁰lhll⁰¹l

701 1535 710 1564 ‚
1129 1535 1136 1550 .

770 1627 851 1687 »Vl

396 1725 484 1798 Quod
498 1746 566 1789 sum
580 1728 707 1812 ligneus,
721 1740 755 1790 ut
770 1730 860 1803 rides,
878 1729 1002 1808 Priapus

396 1816 426 1873 ct
439 1811 498 1893 mlx
512 1812 609 1893 lignea
625 1814 803 1893 ligneusque
819 1814 915 1896 penis,

393 1897 538 1978 prendam
552 1909 582 1959 te
596 1907 696 1960 tamen
712 1908 742 1962 et
756 1900 866 1962 tenebo
881 1918 1024 1981 prensum

396 1991 548 2063 totamque
563 1984 641 2045 hauc
656 1984 721 2046 sine
736 1986 848 2057 fraude,
867 1993 1098 2065 quantacunque
1114 1992 1169 2058 est,

395 2076 545 2129 tormento
560 2069 733 2149 citharaque
747 2070 912 2132 tensiorem

396 2153 432 2213 ad
447 2163 559 2236 coqtam
574 2154 628 2215 tibi
643 2155 799 2236 septimam
814 2156 986 2217 recondam.
1054 2167 1056 2169 ·

806 2292 872 2367 vlt

398 2393 472 2455 Cum
486 2393 603 2479 loquor,
618 2412 678 2455 una
693 2395 766 2456 mihi
781 2403 923 2475 peccatur
937 2394 1053 2467 littera;
1069 2400 1138 2454 nam
1152 2402 1183 2455 te
1199 2410 1201 2415 ·
1248 2405 1260 2428 ²

439 2477 560 2559 pat-dico
575 2498 694 2560 semper
710 2479 868 2559 blaesaque
882 2480 985 2558 lingua
1001 2478 1071 2539 mihi
1087 2490 1142 2540 est
1189 2505 1192 2511 ·

804 2615 869 2677 Vlll

295 2743 315 2768 τ·
395 2719 548 2781 Matronae
564 2720 670 2799 procul
684 2720 847 2783 hincahite
863 2726 975 2779 castae:

396 2813 486 2886 turpe
501 2814 546 2865 est
559 2823 612 2867 ros
627 2806 726 2885 legere
741 2804 891 2885 impudica
905 2801 1005 2863 verba.
1021 2836 1063 2845 -

396 2909 459 2951 uon
474 2890 547 2952 assis
562 2890 676 2952 faciunt
690 2900 822 2969 euntque
837 2897 933 2950 recta:

399 2975 540 3036 nimirum
555 2976 676 3055 sapiunt
689 2975 852 3054 videntque
868 2990 1005 3051 magnam

398 3069 553 3121 matronae
568 3079 689 3139 quoque
704 3059 868 3122 mentulam
884 3058 1023 3119 libenter.

794 3194 875 3256 vuu
994 3172 996 3176 ”

399 3298 459 3361 Cur
474 3298 604 3361 obscena
618 3299 691 3361 mihi
705 3317 775 3381 pars
789 3298 828 3359 sit
842 3298 909 3360 sine
924 3308 1014 3371 veste,
1031 3293 1181 3375 requiris?
1211 3334 1214 3339 v
1263 3337 1265 3346 .

441 3402 560 3463 quaere,
576 3393 656 3464 tegat
670 3385 770 3447 nullus
785 3402 908 3445 corsua
923 3384 980 3444 tela
996 3384 1080 3444 deus.
1220 3429 1222 3434 .

325 3521 327 3525 .
396 3470 510 3532 fulmen
527 3469 617 3531 habet
631 3470 735 3531 muudi
751 3468 901 3549 dominus,
916 3477 1000 3530 tenet
1014 3468 1086 3531 illud
1102 3476 1219 3546 aperte;

441 3573 498 3617 nec
514 3555 601 3616 datur
616 3573 765 3634 aequoreo
781 3554 897 3616 luscino
912 3563 990 3615 tecta
1006 3555 1073 3617 deo.

398 3658 455 3703 nec
470 3640 587 3702 blavors
601 3641 694 3714 illum,
709 3658 764 3721 per
779 3659 868 3718 quem
884 3640 967 3715 valet
988 3639 1099 3701 occulit
1113 3655 1227 3710 enscmq

442 3744 499 3787 nec
514 3726 584 3787 latet
598 3726 629 3787 in
646 3726 746 3806 tepido
762 3724 889 3787 Palladis
903 3726 986 3788 hasta
1001 3724 1080 3785 sinu.
1101 3761 1103 3765 »

399 3830 472 3875 num
488 3811 581 3890 pudet
595 3822 714 3872 auratas
730 3810 885 3873 Phoebum
900 3819 1020 3891 portare
1035 3806 1178 3886 sagittas?

442 3897 558 3959 clamne
573 3897 649 3959 solet
662 3898 833 3976 pharetram
848 3899 928 3958 ferro
943 3895 1035 3957 Diana
1050 3890 1157 3955 suam?

399 4002 472 4046 uum
488 3983 562 4063 tegit
576 3982 692 4044 Alcides
709 3982 838 4043 nodosae
853 3980 963 4043 robora
978 3976 1097 4040 clavae?

299 4080 327 4131 to
385 4133 387 4137 ,
441 4068 616 4154 subtunica
632 4068 742 4147 virgam
758 4085 832 4128 num
848 4067 922 4127 deus
935 4065 996 4125 ales
1010 4060 1122 4125 habet?

297 4153 502 4169 w

384 4185 418 4239 Vl
436 4188 452 4240 3
470 4199 590 4253 prensam
607 4184 649 4237 val
665 4198 780 4250 pressam
798 4185 850 4236 alii
867 4182 933 4233 litet
948 4179 1016 4248 {vti
1035 4182 1050 4233 2
1068 4196 1126 4233 mea
1144 4185 1185 4232 eet
1196 4182 1271 4249 alit!
1286 4171 1348 4231 Vllll

298 4270 394 4324 quaero
408 4253 415 4323 Ι
429 4256 503 4322 signa
518 4253 571 4308 'alit‘
673 4281 677 4286 -
834 4288 837 4298 ,
