3417 4934
852 1209 868 1245 *

281 1268 318 1320 1⁴⁰
403 1275 488 1333 ‘num
510 1270 566 1332 alio
581 1288 694 1351 genere
710 1271 855 1333 furiarum
878 1271 1090 1333 declamatores
1110 1271 1325 1351 inquietantur,
1346 1272 1397 1352 qui
1420 1267 1439 1334 1

324 1356 463 1420 clamant:
477 1356 569 1418 “haec
579 1356 703 1418 vulnera
714 1375 769 1437 pro
781 1356 917 1420 libertate
929 1356 1046 1437 publica
1057 1357 1176 1437 excepi3
1187 1358 1269 1421 bunc
1280 1358 1399 1420 oculum

324 1460 373 1523 pro
389 1441 475 1504 vobis
491 1442 638 1522 impendi:
662 1443 728 1504 date
751 1442 823 1504 mibi
846 1442 963 1517 ducem,
987 1442 1038 1523 qui
1060 1461 1108 1505 me
1130 1443 1218 1506 ducat
1238 1444 1274 1505 ad
1290 1443 1401 1506 liberos

325 1546 411 1604 meos,
435 1545 505 1589 nam
529 1528 636 1591 succisi
658 1528 787 1609 poplites
810 1528 943 1591 membra
959 1548 1021 1590 non
1037 1527 1227 1591 sustinent''‘l
1248 1529 1322 1592 baec
1337 1530 1399 1609 ipsa
1421 1538 1436 1588 2

297 1622 307 1670 t
323 1612 483 1676 tolerabilia
500 1621 610 1689 essent,
625 1614 650 1676 si
665 1613 701 1674 ad
717 1614 918 1694 eloquentiam
942 1614 1028 1677 ituris
1042 1613 1118 1675 viam
1140 1615 1281 1677 lacerent
1318 1633 1401 1676 nunc

326 1708 351 1760 et
365 1717 467 1761 rerum
482 1707 599 1761 tumore
615 1709 646 1761 et
660 1700 878 1762 sententiarum
893 1700 1052 1763 vanissimo
1068 1700 1194 1781 strepitu
1209 1701 1266 1762 hoc
1285 1710 1401 1762 tantum

324 1784 492 1865 proliciunt,
515 1794 550 1845 ut
565 1802 633 1846 cum
649 1785 680 1847 in
696 1786 794 1846 iorum
809 1786 956 1869 venerint,
976 1794 1085 1867 putent
1098 1804 1131 1847 se
1146 1786 1177 1847 in
1192 1785 1282 1848 alium
1298 1785 1401 1848 orbem

323 1877 468 1934 terrarum
484 1870 604 1932 delatos.
638 1879 669 1933 et
683 1871 750 1933 ideo
766 1889 821 1950 ego
837 1870 1077 1934 adulescentulos
1093 1871 1229 1934 existimo
1244 1872 1274 1933 in
1292 1872 1402 1934 scholis
1422 1879 1439 1930 3

323 1955 510 2018 stultissimos
532 1956 608 2031 lieri,
631 1955 700 2037 quia
716 1957 790 2018 nihil
806 1976 842 2019 ex
864 1957 920 2036 his,
942 1975 1019 2037 quae
1042 1957 1073 2019 in
1096 1976 1153 2020 ueu
1173 1956 1329 2032 habemus,
1352 1966 1404 2019 aut

285 2046 306 2099 tt
322 2042 445 2104 audiunt
466 2050 519 2103 aut
538 2040 649 2121 vident,
670 2043 722 2104 sed
745 2042 855 2122 piratas
878 2061 946 2104 cum
969 2043 1083 2105 catenis
1105 2042 1136 2105 in
1164 2042 1252 2105 litore
1282 2052 1405 2122 stantes,

324 2127 375 2190 sed
397 2135 542 2209 tyrannos
557 2127 653 2189 edicta
668 2127 844 2208 scribentes,
867 2128 976 2209 quibus
990 2128 1142 2208 imperent
1156 2128 1223 2191 liliis
1238 2138 1272 2191 ut
1285 2138 1402 2209 patrum

323 2231 447 2275 suorum
463 2213 558 2294 capita
573 2213 755 2294 praecidant,
777 2215 829 2277 sed
844 2232 989 2295 responsa
1004 2214 1036 2275 in
1052 2214 1253 2294 pestilentiam
1275 2215 1349 2294 data,
1371 2225 1405 2277 ut

323 2298 452 2379 virgines
468 2306 529 2360 tres
544 2306 596 2360 aut
609 2299 711 2379 plures
725 2299 929 2377 immolentur,
952 2299 1004 2362 sed
1019 2299 1148 2363 mellitos
1162 2299 1323 2363 verborum
1338 2300 1404 2381 glo-

322 2383 409 2446 bulos
424 2392 454 2446 et
469 2384 568 2445 omnia
584 2384 663 2446 dicta
677 2386 812 2467 laetaque
827 2386 912 2466 qnasi
934 2404 1081 2466 papavere
1103 2395 1133 2447 et
1154 2405 1268 2449 sesamo
1290 2405 1402 2467 sparsa.

280 2478 303 2529 15
323 2470 373 2549 qui
395 2470 476 2531 inter
497 2470 569 2531 haec
592 2470 776 2550 nutriuntur,
806 2490 869 2533 non
896 2472 989 2551 magis
1016 2489 1120 2552 sapere
1148 2479 1285 2551 possunt,
1313 2470 1445 2552 quam2

322 2554 399 2618 bene
423 2554 514 2634 olere,
536 2555 641 2635 quiin
665 2556 766 2617 culina
787 2556 933 2618 habitant.
971 2574 1044 2636 pace
1060 2564 1155 2618 vestra
1177 2557 1264 2620 liceat
1286 2556 1403 2637 dixisse,
1424 2572 1438 2621 2

321 2640 411 2721 primi
427 2642 561 2702 omnium
576 2641 776 2722 eloquentiam
792 2641 971 2723 perdidistis.
997 2640 1111 2703 levibus
1132 2643 1212 2704 enim
1233 2651 1322 2722 atque
1337 2643 1400 2706 ina-

321 2725 411 2789 nibus
433 2727 515 2788 sonis
536 2726 665 2789 ludibria
694 2728 837 2808 quaedam
868 2726 1023 2789 excitando
1052 2728 1202 2811 effecistis,
1230 2737 1264 2790 ut
1290 2746 1401 2810 corpus

321 2810 467 2874 orationis
482 2820 674 2874 enervaretur
689 2821 719 2875 et
734 2814 863 2876 caderet.
895 2814 1029 2875 nondum
1045 2812 1168 2876 iuvenes
1183 2812 1401 2877 declamationi·
1422 2827 1437 2876 3

271 2899 299 2949 2⁰
319 2898 377 2959 bus
405 2896 647 2977 continebantur,
675 2918 745 2961 oum
768 2899 932 2981 Sophocles
961 2907 1012 2961 aut
1034 2898 1192 2981 Euripides
1222 2899 1402 2963 invenerunt

317 2982 410 3045 verba
426 2982 535 3063 quibus
549 2983 695 3047 deberent
709 2985 801 3065 loqui.
836 2984 972 3046 nondum
988 2984 1170 3048 umbraticus
1188 2985 1293 3048 doctor
1315 2986 1399 3067 inge·
1422 2999 1437 3047 4

319 3070 369 3131 nia
386 3067 541 3146 deleverat,
556 3087 624 3130 cum
639 3070 786 3132 Pindarus
801 3089 969 3151 novemque
983 3070 1068 3151 lyrici
1083 3070 1250 3133 Homericis
1264 3071 1399 3135 versibus

319 3172 431 3216 canere
444 3154 619 3216 timuerunt.
651 3164 682 3218 et
697 3175 734 3217 ne
751 3164 854 3236 poetas
871 3150 1015 3241 [quidem]
1032 3156 1068 3217 ad
1083 3157 1288 3219 testimonium
1302 3158 1399 3238 citem,
1420 3170 1435 3218 5

317 3248 402 3302 certe
425 3258 524 3319 neque
540 3239 662 3302 Platona
685 3259 783 3321 neque
799 3242 1020 3304 Demosthenen
1043 3242 1079 3303 ad
1101 3243 1159 3305 hoc
1174 3261 1271 3323 genus
1285 3245 1397 3308 exerci-

266 3328 296 3378 25
316 3324 441 3388 tationis
455 3325 615 3389 accessisse
630 3328 723 3389 video.
758 3328 880 3407 grandis
895 3337 925 3389 et
940 3336 974 3390 ut
995 3328 1034 3388 ita
1057 3328 1151 3390 dicam
1173 3329 1282 3409 pudica
1304 3330 1398 3392 oratio
1420 3341 1435 3389 6

407 3528 544 3580 Adnotaoa'
561 3528 682 3579 codicum
700 3531 909 3598 discrepantiam
926 3537 1077 3583 mmuoratu
1094 3526 1289 3597 dignissimam.
1314 3537 1398 3601 scrip·

318 3599 392 3648 turis
409 3613 478 3664 quae
494 3599 525 3647 in
542 3598 689 3665 archetypo
706 3597 791 3660 fuisse
804 3600 945 3666 putandae
961 3605 1024 3651 sunt
1035 3605 1084 3652 aut
1095 3602 1192 3666 quidus
1204 3617 1259 3653 non
1275 3604 1400 3654 novimus

317 3669 488 3728 vetustiores,
506 3665 590 3716 aliam
607 3671 700 3717 notam
717 3669 820 3719 nullam
837 3669 960 3735 adponat,
986 3671 1016 3719 in
1034 3671 1073 3719 ea's
1087 3670 1232 3736 particulis
1250 3686 1317 3736 quas
1332 3670 1355 3721 t
1372 3676 1398 3720 et

320 3734 343 3785 0
361 3748 515 3785 communes
532 3736 639 3799 babent,
657 3751 717 3785 oum
735 3736 859 3801 Scaliger
881 3740 1016 3802 ceterique
1036 3753 1125 3803 genus
1146 3738 1277 3789 librorum
1294 3745 1398 3789 utrum-

318 3819 373 3870 que
391 3803 572 3867 adhibuerint,
589 3818 667 3869 saepe
684 3807 733 3855 ctu
750 3805 864 3868 definies
881 3808 911 3856 in
923 3806 946 3857 t
958 3807 1026 3871 quid
1035 3807 1168 3857 traditum
1179 3804 1267 3865 suerit
1279 3811 1397 3874 antiqui-

317 3876 372 3924 tus.
408 3872 550 3922 inclinatis
567 3871 664 3922 litteris
681 3888 749 3939 quae
767 3874 904 3939 teguntur,
930 3874 1027 3925 desunt
1049 3876 1079 3925 in
1098 3875 1241 3928 codicibus.
1277 3880 1399 3928 asterisci

317 3941 437 3992 mennas
455 3940 580 3991 indicant
597 3940 690 4008 aliqua
708 3942 839 3993 librorum
858 3946 1022 3994 auctoritate
1040 3947 1158 3995 testatas.

408 4010 438 4061 ll
458 4006 513 4070 sed]
532 4005 580 4075 εῐΙΙ
596 4011 627 4063 15
646 4010 709 4063 baec
728 4014 824 4063 tantum
844 4010 990 4063 nutriuntur
1012 4017 1139 4078 excerpta
1163 4011 1263 4063 codicis
1279 4015 1399 4065 Parisina‘

317 4077 369 4131 lat.
385 4075 470 4143 72271
485 4078 515 4128 17
535 4091 637 4129 omnem
661 4078 746 4130 come
762 4078 927 4148 Bernsnsa’sll
941 4081 973 4133 22
992 4084 1070 4148 atque
1088 4080 1214 4131 Heinsius
1229 4080 1240 4147 Ι
1257 4083 1289 4134 22
1307 4082 1398 4134 debili·

316 4145 547 4277 {squqsdtegaattaias
558 4142 569 4211 Ι
582 4145 614 4200 23
627 4145 710 4200 solum
720 4163 773 4215 pro
785 4147 890 4215 quidem
899 4147 1056 4214 sambucus,
1065 4153 1164 4201 tantum
1174 4149 1246 4201 alius
1254 4148 1291 4211 cf.
1303 4151 1340 4202 ad
1349 4154 1379 4204 15
1389 4148 1399 4219 ll

473 4226 489 4265 θ
544 4227 577 4265 00
