3417 4934
754 461 908 517 PE'I'RONII

745 634 874 697 XXXII*

393 737 555 818 naufragus
571 738 666 800 eiecta
682 739 781 801 nudus
796 748 860 800 rate
876 736 993 817 quaerit
1007 737 1113 800 eodem

434 840 612 903 percussum
626 823 697 899 telo,
713 824 764 904 qui
780 841 833 885 sua
848 823 907 884 tata
922 823 1011 902 legat.

392 907 538 989 grandine
554 909 605 989 qni
620 917 737 989 segetes
751 920 782 971 et
796 916 894 970 totum
904 907 1034 988 perdidit
1048 926 1176 985 annum,

436 994 467 1055 in
483 994 572 1056 simili
587 994 677 1057 dohet
691 993 787 1056 tristia
802 994 861 1055 fata
876 993 955 1054 sinu.

335 1090 350 1142 5
392 1080 501 1142 funera
515 1079 679 1142 conciliant
693 1081 829 1154 miseros,
846 1078 972 1158 orbique
986 1086 1127 1159 parentes

436 1165 627 1245 coniungunt
640 1164 779 1245 gemitus,
794 1164 910 1225 etfacit
926 1164 1000 1225 hora
1015 1181 1112 1243 pares.

394 1268 451 1312 nos
466 1268 586 1330 quoquo
601 1251 736 1313 confusis
750 1249 893 1311 feriemus
907 1248 1005 1311 sidera
1019 1247 1127 1325 verbis,

437 1336 559 1398 etfama
574 1344 621 1398 est
635 1335 732 1398 socias
746 1335 855 1398 fortius
870 1335 914 1397 ire
929 1352 1036 1414 preces

380 1436 396 1487 2
414 1434 478 1502 enin
492 1438 508 1487 5
526 1435 642 1504 sortique
654 1435 694 1502 ΙΙΘ
711 1438 753 1487 cst
770 1438 901 1499 constans,
918 1435 991 1486 aa&
1008 1435 1110 1486 iunctus
1128 1433 1242 1487 Binetru

761 1571 905 1634 xxxin*

395 1693 485 1737 aurea
499 1675 574 1741 mala
590 1674 673 1750 mihi,
689 1674 785 1738 dulcis
797 1693 864 1735 mea
879 1674 1000 1748 Mareia,
1014 1673 1117 1749 mittis,

437 1758 530 1821 mittis
546 1768 576 1821 et
589 1759 721 1822 hirsutae
736 1778 864 1822 munera
879 1768 1044 1822 castaneae.

397 1844 498 1926 omnia
513 1853 594 1925 grata
609 1853 723 1926 putem,
739 1846 790 1908 sed
806 1846 830 1907 si
846 1845 941 1925 magis
955 1844 1018 1924 ipsa
1033 1844 1162 1926 venires,

439 1947 564 1991 ornares
579 1929 703 2005 donum,
718 1931 845 2013 pulchra
860 1930 968 2011 puella,
983 1940 1077 1991 tuum.

339 2024 354 2074 5
396 2024 430 2077 tu
446 2014 515 2077 lieet
529 2023 670 2094 apportes
683 2016 861 2096 stringentia
875 2016 950 2077 mala
964 2015 1106 2097 palatum,

438 2100 532 2162 tristia
547 2100 701 2162 mandenti
716 2112 763 2163 est
776 2100 901 2162 melleus
916 2119 969 2163 ore
984 2117 1082 2179 sapor.

395 2195 425 2247 at
438 2185 465 2248 si
479 2185 646 2247 dissimulas
661 2186 789 2249 multum
804 2186 878 2247 mihi
892 2205 960 2248 cara
974 2185 1086 2259 venire,

442 2270 543 2334 oscula
558 2289 627 2332 cum
643 2273 740 2351 pomis
755 2272 857 2335 mitte:
872 2271 983 2334 vorabo
998 2270 1095 2333 libens

382 2372 398 2424 8
417 2386 448 2424 os
465 2370 538 2440 quali
555 2372 710 2439 compremis
722 2372 814 2424 renota
831 2372 926 2436 codsa,
942 2376 1068 2437 utsupra
1088 2370 1283 2433 Solmaaianua
1294 2382 1321 2422 os

296 2435 363 2491 ledis
380 2453 469 2493 morsu
487 2442 571 2492 oeten·

762 2559 920 2622 XXXllll*

398 2662 422 2724 si
438 2661 553 2724 Phoebi
567 2681 655 2725 soror
670 2682 712 2740 es,
727 2664 837 2725 mando
852 2662 917 2737 tibi,
934 2662 1025 2737 helia,
1041 2680 1170 2740 cauum,

442 2748 556 2809 scilicet
570 2756 604 2810 ut
618 2749 713 2824 fratri,
729 2768 806 2828 quae
821 2757 904 2829 peto,
918 2747 1008 2809 verba
1022 2748 1117 2809 feras:

397 2837 555 2895 ‘marmore
571 2833 690 2895 Sicanio
705 2834 799 2895 struxi
811 2833 877 2908 tibi,
892 2831 1045 2911 Delphice,
1061 2833 1206 2915 templum

440 2928 470 2979 et
484 2917 600 2980 levibus
615 2918 734 2981 calamis
750 2918 875 2980 candida
891 2916 980 2979 verba
996 2918 1074 2980 dedi.

340 3013 355 3064 5
398 3020 482 3064 nunc
497 3003 521 3065 si
537 3021 594 3065 nos
608 3004 691 3065 audis
706 3013 796 3084 atque
810 3022 844 3065 es
859 3002 984 3075 divinus,
1001 3004 1116 3085 Apollo,

442 3087 489 3147 dic
504 3088 586 3161 mihi,
603 3089 653 3169 qui
670 3107 808 3150 nummos
823 3108 886 3150 non
902 3087 999 3161 habet,
1015 3089 1096 3150 unde
1111 3087 1201 3171 petat’

771 3257 900 3319 XXXV*

400 3359 500 3420 omnia
516 3376 592 3437 quae
607 3359 730 3422 miseras
745 3371 873 3443 possunt
887 3359 975 3422 finire
992 3361 1148 3440 querellas,

441 3442 474 3505 in
490 3452 634 3526 promptu
649 3445 742 3507 voluit
757 3446 903 3509 candidus
918 3464 983 3507 esse
998 3446 1083 3512 deus.

394 3528 452 3591 vile
466 3529 554 3592 holus
569 3538 599 3592 et
614 3530 696 3593 duris
710 3531 863 3594 haerentia
878 3549 963 3592 mora
977 3531 1092 3595 rubetis

442 3615 607 3695 pungentis
621 3617 766 3679 stomachi
781 3635 978 3697 composuere
993 3618 1110 3679 famem.

341 3709 356 3759 5
399 3700 522 3763 humine
536 3699 635 3763 vicino
651 3702 760 3765 stultus
773 3703 844 3768 sitit.
860 3702 965 3782 effugit
979 3720 1053 3764 euro

443 3804 511 3848 cum
527 3785 641 3849 calidus
655 3788 756 3867 tepido
772 3796 920 3851 consonat
933 3789 1004 3866 igne
1018 3807 1118 3868 rogus.

397 3872 446 3935 lex
461 3878 572 3933 armata
586 3872 670 3934 sedet
684 3873 797 3935 circum
811 3874 874 3935 fera
889 3874 991 3936 limina
1006 3881 1132 3952 nuptae:

403 4007 405 4013 ,
443 3957 486 4018 nil
500 3956 607 4018 metuit
621 3956 702 4019 licito
718 3958 783 4021 fusa
797 3960 897 4039 puella
911 3968 988 4020 toro.

401 4042 480 4123 quod
496 4042 602 4104 satiare
617 4050 727 4124 potest,
742 4045 823 4107 dives
839 4054 946 4107 natura
960 4042 1121 4106 ministrat:

331 4136 360 4188 10
446 4129 526 4210 quod
542 4129 629 4191 docet
643 4129 772 4192 infrenis
786 4131 889 4210 gloria,
904 4130 965 4190 fine
979 4137 1062 4189 curet

386 4230 403 4279 4
420 4226 611 4297 pugnantishb
629 4228 690 4297 igne
709 4229 795 4285 tholus
813 4226 971 4297 Haupta'ur!
986 4229 1017 4280 10
1034 4226 1142 4280 inferius
