3417 4934
388 474 428 533 36
853 472 1008 528 vernoun

387 650 444 713 bus
458 667 514 731 par
524 647 682 710 ridiculum
698 647 808 728 ahquid
824 648 1013 727 catastropha
1028 656 1232 727 quaereretur.
1255 666 1314 711 neo
1326 648 1409 711 enim
1421 651 1469 713 ad-

387 737 446 797 huo
470 734 618 796 exciderat
638 752 729 796 cocus
751 734 809 807 ille,
832 733 883 812 qui
906 731 1016 795 oblitus
1035 735 1133 796 luerat
1152 752 1277 814 porcum
1292 735 1468 798 exinterare

350 835 365 884 t
388 823 487 901 itaque
512 828 607 881 totum
636 819 865 900 circumspicere
885 818 1048 880 triclinium
1070 820 1165 899 coepi,
1188 838 1227 880 ne
1249 837 1306 899 per
1326 821 1468 900 parietem

389 914 569 969 automatum
586 905 703 985 aliquod
720 905 823 979 exiret,
838 904 944 984 utique
958 914 1115 984 postquam
1127 923 1229 967 servus
1239 905 1393 968 uerberari
1405 921 1468 970 coe·

389 994 442 1072 pit,
461 987 514 1072 qui
536 991 690 1053 brachium
712 989 826 1051 domini
848 999 1006 1051 contusum
1029 990 1094 1052 alba
1112 991 1317 1070 potiusquam
1334 993 1490 1075 conchp·l

352 1092 366 1141 5
388 1079 456 1141 liata
471 1078 635 1140 involverat
649 1076 726 1138 lana.
753 1094 810 1137 nec
825 1076 915 1155 longe
931 1074 1077 1138 aberravit
1092 1076 1222 1157 suspicio
1237 1095 1319 1153 mea;
1335 1077 1367 1140 in
1377 1079 1467 1142 ricem

389 1165 470 1227 enim
491 1182 607 1245 poenae
622 1163 703 1224 venit
725 1162 879 1223 decretum
894 1160 1132 1237 Trimalchionis,
1152 1181 1212 1242 quo
1235 1180 1365 1244 puerum
1388 1164 1469 1228 iussit

390 1250 515 1312 liberum
532 1268 607 1329 esse,
623 1267 662 1310 ne
677 1248 745 1328 quis
760 1257 861 1328 posset
882 1247 992 1321 dicere,
1011 1256 1127 1309 tantum
1143 1249 1238 1309 virum
1260 1267 1326 1311 esse
1348 1268 1366 1311 a
1387 1269 1468 1313 servo

390 1336 587 1398 vulneratum.

338 1422 381 1489 bh
472 1420 478 1504 Ι
497 1419 730 1501 comprobamus
746 1437 802 1479 nos
817 1418 927 1478 lactum
947 1416 952 1500 Ι
973 1425 1002 1478 et
1017 1436 1106 1496 quam
1122 1418 1152 1479 in
1169 1418 1326 1498 praecipiti
1348 1439 1398 1484 reo
1416 1423 1468 1486 hu·

352 1523 366 1572 2
389 1513 614 1579 manaeessent‚
635 1501 640 1588 Ι
660 1505 740 1565 vario
755 1503 1065 1582 sermonegarrimus.
1086 1500 1090 1586 Ι
1111 1502 1170 1565 ‘ita’
1182 1504 1280 1583 inquit
1290 1505 1467 1571 Trimalchio

391 1601 462 1656 ‘non
480 1599 599 1672 oportet
618 1591 701 1652 hunc
724 1607 825 1651 casum
847 1588 913 1649 sine
936 1588 1133 1668 inscriptione
1154 1590 1291 1651 transire'
1313 1594 1470 1675 statimque

287 1705 289 1710 ⁴
391 1677 542 1741 codicillos
557 1675 696 1757 poposcit
711 1684 741 1736 et
757 1694 818 1736 non
835 1674 885 1736 diu
902 1674 1083 1753 cogitatione
1099 1675 1223 1738 distorta
1238 1676 1312 1738 haec
1324 1680 1470 1746 recitarit:

353 1780 368 1828 3
494 1760 499 1846 Ι
520 1761 609 1843 ‘quod
626 1779 687 1823 noo
704 1769 851 1839 expectes,
868 1777 905 1820 ex
919 1767 1088 1822 transverso
1105 1762 1138 1822 iit
1150 1794 1171 1820 o
1182 1802 1205 1813 -
1219 1804 1240 1813 -

599 1890 620 1899 -
634 1856 665 1907 et
679 1864 768 1926 supra
784 1865 840 1907 nos
856 1844 990 1907 Fortuna
1007 1846 1126 1925 negotia
1142 1855 1236 1908 curat.

599 1929 604 2015 Ι
623 1949 716 2011 quare
732 1932 767 1993 da
784 1930 873 1992 nobis
888 1931 954 1992 rina
970 1930 1106 2005 Falerna,
1122 1931 1217 2013 puer’.
1486 1949 1506 2002 r

354 2036 369 2085 t
477 2018 513 2079 ab
529 2019 587 2080 hoc
602 2018 815 2098 epigrammate
835 2013 840 2099 Ι
861 2018 960 2096 coepit
975 2026 1130 2096 poetarum
1148 2036 1212 2079 esse
1228 2019 1342 2080 mentio

351 2123 354 2129 ·
391 2106 503 2185 diuque
517 2122 632 2166 summa
654 2103 794 2165 carminis
815 2120 910 2182 penes
925 2102 1062 2182 hlopsum
1078 2104 1223 2165 Thracem
1246 2116 1411 2169 memorata
1431 2115 1472 2170 ed

355 2209 370 2258 5
392 2192 488 2253 donec
503 2189 683 2251 Trimalchio
699 2187 793 2267 ‘rogo’
809 2188 908 2266 inquit
923 2188 1082 2268 ‘magister
1106 2189 1177 2269 quid
1192 2198 1280 2269 putas
1294 2190 1376 2253 inter
1390 2192 1472 2255 Cice·
1514 2217 1516 2242 τ

392 2295 498 2338 ronem
520 2283 550 2337 et
569 2274 729 2336 Publilium
752 2271 919 2334 interesset
956 2292 1013 2355 ego
1035 2275 1161 2336 alterum
1187 2284 1261 2353 puto
1288 2276 1473 2341 disertiorem
1489 2255 1516 2338 ΙΙ

392 2363 493 2436 luisse,
510 2362 635 2423 alterum
651 2360 865 2422 honestiorem.
902 2360 973 2437 quid
989 2360 1069 2421 enim
1084 2361 1131 2422 his
1145 2361 1253 2424 melius
1274 2362 1333 2424 dici
1352 2362 1472 2443 potest‘l

354 2466 369 2515 6
579 2446 733 2508 “luxuriae
748 2446 826 2507 rictu
841 2444 944 2506 Martis
959 2455 1095 2507 marcent
1110 2445 1238 2507 moenia.

596 2542 649 2594 tuo
664 2532 763 2612 palato
780 2531 898 2593 clausus
913 2550 987 2612 pavo
1004 2533 1135 2611 pascitur

596 2619 728 2698 plumato
744 2617 869 2679 amictus
884 2635 975 2678 aureo
990 2616 1183 2699 Babylonico,

598 2704 706 2785 gallina
722 2703 776 2765 tibi
791 2702 957 2775 Numidica,
972 2703 1026 2764 tibi
1040 2703 1134 2782 gallus
1149 2702 1257 2784 spado;
1489 2717 1511 2769 tt

599 2791 715 2852 ciconia
731 2790 830 2864 etiam,
845 2798 929 2869 grata
944 2790 1103 2869 peregrina
1117 2788 1234 2869 hospita

597 2875 810 2956 pietaticultrix
824 2874 981 2955 gracilipes
996 2874 1183 2949 crotahstria‚

600 2961 660 3022 avis
675 2961 744 3021 exul
758 2959 874 3032 hiemis,
890 2959 994 3022 titulus
1008 2960 1100 3039 tepidi
1114 2961 1268 3040 temporis,

603 3045 753 3125 nequitiae
769 3045 873 3106 nidum
888 3045 918 3106 in
937 3044 1064 3107 caccabo
1079 3046 1151 3107 lecit
1164 3046 1263 3108 modo.

601 3150 660 3210 quo
677 3131 834 3211 margarita
849 3148 917 3192 cara
932 3131 996 3205 tibi,
1012 3131 1113 3192 bacam
1129 3131 1284 3194 lndicam‘l
1492 3145 1516 3198 tt

602 3235 639 3277 an
655 3227 689 3278 ut
704 3227 840 3278 matrona
856 3228 960 3279 ornata
975 3216 1105 3297 phaleris
1120 3217 1242 3298 pelagiis

602 3302 686 3364 tollat
700 3304 791 3383 pedes
806 3302 949 3363 indomita
964 3303 994 3364 in
1011 3310 1103 3365 strato
1120 3302 1281 3365 extraneo?

603 3389 793 3469 zmaragdum
804 3387 841 3450 ad
853 3406 941 3468 quam
954 3407 1017 3450 rem
1029 3387 1161 3462 viridem,
1174 3390 1337 3468 pretiosum
1345 3391 1478 3456 vitruml

604 3492 664 3552 quo
681 3472 901 3535 Carchedonios
916 3482 1001 3553 optas
1016 3474 1101 3552 ignes
1116 3473 1271 3553 lapideos?

606 3559 662 3621 nisi
678 3570 712 3626 ut
726 3560 868 3622 scintillet
882 3559 1015 3640 probitas
1030 3578 1047 3620 e
1062 3560 1262 3623 carbunculis.
1495 3571 1516 3622 3

490 3711 503 3762 1
522 3708 638 3775 periculo
656 3710 753 3778 aliquid
765 3711 804 3775 lli
824 3711 892 3763 enim
912 3726 975 3763 cene
987 3710 1026 3780 Ι8
1045 3727 1120 3764 servo
1139 3712 1274 3765 liberatum
1288 3713 1298 3779 Ι
1314 3718 1344 3766 10
1363 3730 1480 3783 compro·

402 3779 492 3831 bamus
510 3776 606 3829 lactum
619 3779 743 3846 varioque
760 3781 881 3845 iungunt
894 3779 947 3832 LO.
961 3781 1084 3832 Petronii
1101 3785 1190 3833 oratio
1203 3783 1316 3833 habebat
1332 3786 1415 3835 etiam
1427 3784 1481 3836 taio

402 3849 429 3899 et
446 3843 572 3898 recordati
592 3854 641 3897 out
656 3852 683 3899 et
701 3863 758 3899 curn
772 3847 948 3913 Agamemnon
968 3864 1118 3915 expromere
1136 3851 1266 3915 coepisset
1278 3866 1354 3917 quam
1368 3850 1378 3917 Ι
1393 3855 1425 3905 tt
1438 3868 1479 3904 ex-

403 3920 493 3983 pectas
509 3913 531 3965 t
547 3912 551 3982 Ι
567 3914 671 3983 ubique,
690 3920 774 3968 nostra
793 3917 928 3983 suppleuit
946 3918 1092 3984 Heinaiuali
1110 3921 1137 3969 l'l
1158 3922 1290 3985 poetarum
1308 3921 1395 3985 coepit
1413 3919 1481 3990 boll

405 3987 436 4038 18
456 3988 612 4035 contmorata
637 3984 721 4036 codem
739 3984 897 4037 Messenius.
934 3986 1047 4051 dempsit
1068 3989 1229 4051 epitomator
1255 4003 1291 4037 eac
1316 3989 1481 4042 Petroniana

407 4052 614 4105 Trimalchionis
630 4068 751 4104 sermone
769 4061 832 4120 erat,
850 4055 882 4105 do
899 4070 948 4105 auo
965 4054 1075 4106 addidit
1096 4069 1146 4121 que
1170 4059 1196 4104 et
1213 4061 1353 4109 memorata
1372 4058 1434 4125 est!
1450 4062 1481 4112 tt

406 4126 483 4189 putee
500 4119 568 4189 1οΙ
600 4123 633 4174 20
651 4120 767 4188 publium
781 4121 791 4191 Ι
805 4126 837 4176 33
857 4123 992 4193 nascitur!
1007 4125 1038 4175 37
1057 4122 1164 4187 pietatis
1182 4123 1275 4175 cultrix
1285 4124 1333 4175 110
1334 4124 1353 4244 Ι
1367 4128 1401 4179 29
1419 4126 1482 4180 lecit

405 4204 465 4242 meo
484 4189 495 4257 Ι
517 4192 549 4244 30
567 4190 664 4243 tribaca
683 4190 739 4256 (tibi
758 4192 822 4244 baca
839 4192 992 4258 flammeis)
1008 4190 1092 4243 indica
1111 4188 1124 4259 1
1146 4193 1179 4245 33
1196 4193 1268 4243 nalo
1285 4193 1332 4243 viri
1351 4208 1366 4245 e
1384 4194 1395 4262 Ι
1413 4198 1480 4249 ate

406 4258 563 4309 Bemomia:
581 4265 621 4311 est
639 4258 739 4329 cetarii
754 4260 926 4313 carbunculus
942 4266 993 4313 out
1009 4258 1179 4312 carbunculos
1196 4265 1245 4311 aut
1262 4261 1433 4316 carbunculos
