3417 4934
703 463 854 519 umida

734 636 817 701 Xllll
872 643 875 648 ’

342 742 410 805 Huc
424 742 493 826 buc,
508 740 644 820 quisquis
658 760 701 813 es,
717 740 748 801 in
764 739 813 801 dei
828 739 932 802 salacia

342 827 454 890 dererti
467 843 556 906 grave
571 843 610 887 ne
625 834 697 907 puta
711 824 862 889 sacellum.

342 921 373 975 et
386 913 411 975 si
427 920 516 974 nocte
531 910 588 972 luit
601 911 701 991 puella
715 920 825 984 tecum,

341 998 398 1060 bac
412 1016 446 1059 re
460 995 541 1077 quod
556 1005 671 1059 metuas
686 995 777 1069 adire,
793 1014 856 1057 uon
873 1003 928 1057 est.

341 1083 419 1145 istuc
433 1081 588 1144 caelitibus
604 1082 690 1143 datur
704 1081 829 1144 severis:

341 1187 398 1231 nos
411 1186 525 1249 vappae
539 1185 643 1229 sumus
657 1175 687 1229 et
701 1166 807 1246 pusilla
823 1165 895 1227 culti

339 1254 420 1316 ruris
435 1252 569 1326 numina,
585 1272 641 1314 nos
656 1252 771 1332 pudore
786 1251 873 1332 pulso

339 1348 454 1401 stamus
468 1338 523 1401 sub
539 1337 608 1400 love
623 1338 715 1399 coleis
729 1337 849 1417 apertis.

341 1442 414 1504 crgo
429 1421 554 1503 quilibet
567 1423 626 1484 buc
640 1422 743 1484 licebit
756 1423 848 1484 intret

343 1509 429 1591 nigra
443 1508 568 1571 fornicis
583 1507 693 1570 oblitus
708 1506 815 1569 favilla.

750 1640 801 1704 XV

343 1746 507 1809 &mmisso
524 1745 596 1806 mibi
612 1764 674 1807 non
686 1746 758 1808 satis
773 1746 922 1807 modestas

343 1831 515 1911 quicunque
530 1830 663 1892 attulerit
677 1849 784 1894 manus
798 1830 905 1910 agello,

341 1916 430 1979 isme
444 1916 553 1979 sentiet
568 1933 634 1978 csse
649 1935 711 1977 non
728 1915 902 1997 spadonem.

341 2001 420 2063 dieat
434 2000 648 2063 forsitanrbaec
661 2001 718 2065 sibi
733 2003 812 2082 ipse:
828 2008 928 2064 ‘nemo

340 2087 390 2148 bic
404 2087 484 2147 inter
498 2086 621 2150 frutices
635 2087 702 2149 loco
717 2098 833 2149 remoto

219 2185 222 2192 ·
340 2171 491 2251 percisum
506 2171 580 2234 sciet
594 2190 660 2235 esse
674 2172 743 2257 me’,
756 2172 808 2235 sed
824 2184 915 2234 errat:

343 2257 459 2338 magnis
473 2256 600 2320 testibus
614 2258 669 2321 ista
685 2276 736 2321 res
749 2268 864 2337 agetur.

743 2394 807 2455 XVl

342 2495 486 2568 Qualibus
500 2495 706 2575 Hippomenes
721 2496 821 2577 rapuit
835 2496 1021 2559 Schoeneida
1035 2496 1143 2576 pomis,

385 2579 524 2661 qualibus
538 2580 739 2661 Hesperidum
754 2580 864 2643 nobibs
878 2582 985 2645 bertus
1000 2590 1074 2656 erat,

343 2667 438 2747 qualia
454 2666 597 2728 credibile
612 2675 658 2730 est
671 2666 848 2749 spatiantem
865 2685 936 2728 rure
951 2675 1077 2748 paterno

384 2752 557 2816 Nausicaam
573 2753 664 2833 pleno
679 2771 768 2834 saepe
783 2753 887 2815 tulisse
901 2752 981 2826 sinu,

342 2838 430 2918 quale
445 2838 502 2900 suit
516 2838 625 2900 malum
641 2837 722 2917 quod
738 2838 835 2900 littera
849 2837 947 2918 pinxit
960 2837 1079 2910 Aconti,

386 2941 443 3002 qua
459 2923 536 2984 lecta
551 2924 661 3003 cupido
677 2934 762 3003 pacta
776 2924 876 3005 puella
891 2924 954 2985 viro
969 2934 1028 2986 est:

343 3009 561 3088 qualiacunque
577 3008 646 3087 pius
658 3008 798 3071 dominus
813 3009 950 3071 llorentis
963 3009 1050 3090 agelli

386 3094 530 3174 imposuit
544 3112 674 3167 mensae,
691 3093 771 3155 nude
788 3094 905 3174 Priape,
921 3103 1000 3156 tuae.

739 3228 817 3290 xvtl

344 3329 423 3402 Quid
438 3348 555 3392 mecum
571 3329 637 3405 tibi,
653 3330 775 3393 circitor
789 3331 937 3394 moleste?

343 3415 381 3476 ad
395 3434 443 3477 me
459 3415 530 3496 quid
544 3414 688 3497 probibes
701 3417 804 3479 venire
818 3416 938 3479 furem?

344 3501 475 3574 accedat,
490 3501 572 3563 siue:
588 3501 683 3563 laxior
696 3500 814 3564 redibit.

521 3600 541 3626 N

731 3636 823 3701 xvlll

345 3736 545 3800 Commoditas
559 3738 634 3801 haec
649 3741 740 3803 estin
757 3751 863 3803 nostro
878 3742 1006 3804 maxima
1020 3760 1109 3823 pene,

388 3822 452 3883 laxa
468 3823 548 3902 quod
563 3842 629 3886 esse
641 3825 714 3887 mibi
729 3827 839 3890 femina
856 3827 936 3889 nulla
950 3836 1061 3907 potest.
1215 3828 1219 3835 '

327 3956 392 4009 Xllll
411 3961 428 4011 4
452 3956 523 4010 adire
546 3957 601 4010 noli
618 3959 689 4027 lapte
704 3958 824 4026 Capenas
841 3962 890 4026 qui
906 3964 1001 4013 totum.
1010 3963 1061 4013 boc
1076 3976 1189 4015 mero
1204 3965 1329 4032 mmet,

242 4030 272 4077 to
290 4042 344 4093 quo
361 4041 441 4077 versu
459 4029 492 4080 1o
510 4025 599 4078 labilla
616 4031 747 4095 scriptum
765 4034 812 4093 eat,
829 4029 891 4080 vide
910 4026 974 4083 CIL.
991 4028 1033 4083 ,ΙΙ
1048 4028 1130 4086 3862
1140 4028 1212 4099 {XV
1230 4033 1249 4085 o
1266 4045 1326 4102 pre·

243 4095 324 4147 cisum
342 4092 422 4162 {XVI
449 4096 464 4147 2
482 4093 660 4160 Hesperidum]
687 4096 849 4163 bypomenes
874 4114 910 4149 aa
931 4087 1015 4166 osred
1038 4099 1104 4165 11¹1
1123 4097 1326 4172 quadamque

243 4164 303 4229 pius
324 4163 411 4215 eadee
432 4163 634 4215 Laurentianus
655 4166 750 4217 multia
769 4164 884 4221 melior:
910 4166 972 4217 talia
1070 4182 1103 4220 ue
1120 4182 1187 4236 puer
1199 4165 1325 4238 m

242 4230 415 4294 indefinitum
432 4247 550 4298 agnosco
570 4234 771 4287 daaaaaaoroda.
795 4235 876 4301 priua
893 4235 985 4286 edidar
1049 4233 1113 4288 talla
1130 4249 1202 4294 nuo
1220 4245 1327 4320 ,m

1002 4375 1022 4613 p
1324 4295 1374 4392 =l
