<?xml version="1.0" encoding="UTF-8"?>
<!DOCTYPE html PUBLIC "-//W3C//DTD XHTML 1.0 Transitional//EN"
    "http://www.w3.org/TR/xhtml1/DTD/xhtml1-transitional.dtd">
<html xmlns="http://www.w3.org/1999/xhtml" xml:lang="en" lang="en">
 <head>
  <title>
</title>
<meta http-equiv="Content-Type" content="text/html;charset=utf-8" />
  <meta name='ocr-system' content='tesseract 3.04.00' />
  <meta name='ocr-capabilities' content='ocr_page ocr_carea ocr_par ocr_line ocrx_word'/>
</head>
<body>
  <div class='ocr_page' id='page_1' title='image "./petroniisaturae00varrgoog_0091.png"; bbox 0 0 3417 4934; ppageno 0'>
   <div class='ocr_carea' id='block_1_1' title="bbox 721 487 1338 552">
    <p class='ocr_par' dir='ltr' id='par_1_1' title="bbox 721 487 1338 552">
     <span class='ocr_line' id='line_1_1' title="bbox 721 487 1338 552; baseline -0.005 -9"><span class='ocrx_word' id='word_1_1' title='bbox 721 487 877 544; x_wconf 73' lang='lat' dir='ltr'>servata</span> <span class='ocrx_word' id='word_1_2' title='bbox 1299 490 1338 552; x_wconf 78' lang='grc'>77</span> 
     </span>
    </p>
   </div>
   <div class='ocr_carea' id='block_1_2' title="bbox 205 743 1418 3908">
    <p class='ocr_par' dir='ltr' id='par_1_2' title="bbox 205 743 1374 1086">
     <span class='ocr_line' id='line_1_2' title="bbox 205 743 1374 831; baseline 0.004 -23"><span class='ocrx_word' id='word_1_3' title='bbox 205 763 249 816; x_wconf 81' lang='grc' dir='ltr'>ιο</span> <span class='ocrx_word' id='word_1_4' title='bbox 357 743 364 830; x_wconf 88' lang='grc' dir='ltr'>Ι</span> <span class='ocrx_word' id='word_1_5' title='bbox 383 754 518 809; x_wconf 86' lang='lat' dir='ltr'>cetemrm</span> <span class='ocrx_word' id='word_1_6' title='bbox 533 745 708 828; x_wconf 83' lang='lat' dir='ltr'><strong>Eumolpos,</strong></span> <span class='ocrx_word' id='word_1_7' title='bbox 724 758 754 810; x_wconf 90' lang='lat' dir='ltr'>et</span> <span class='ocrx_word' id='word_1_8' title='bbox 768 748 1002 829; x_wconf 78' lang='lat' dir='ltr'>periclitantium</span> <span class='ocrx_word' id='word_1_9' title='bbox 1018 751 1178 813; x_wconf 84' lang='lat' dir='ltr'>advocatus</span> <span class='ocrx_word' id='word_1_10' title='bbox 1200 759 1231 811; x_wconf 89' lang='lat' dir='ltr'>et</span> <span class='ocrx_word' id='word_1_11' title='bbox 1252 768 1337 831; x_wconf 90' lang='lat' dir='ltr'>prae-</span> <span class='ocrx_word' id='word_1_12' title='bbox 1358 763 1374 813; x_wconf 80' lang='lat' dir='ltr'>a</span> 
     </span>
     <span class='ocr_line' id='line_1_3' title="bbox 249 832 1338 910; baseline 0.003 -15"><span class='ocrx_word' id='word_1_13' title='bbox 249 833 348 896; x_wconf 80' lang='lat' dir='ltr'>sends</span> <span class='ocrx_word' id='word_1_14' title='bbox 361 832 542 894; x_wconf 84' lang='lat' dir='ltr'>concordiae</span> <span class='ocrx_word' id='word_1_15' title='bbox 557 840 676 908; x_wconf 78' lang='lat' dir='ltr'>auctor,</span> <span class='ocrx_word' id='word_1_16' title='bbox 699 852 739 895; x_wconf 92' lang='lat' dir='ltr'>ne</span> <span class='ocrx_word' id='word_1_17' title='bbox 759 834 861 896; x_wconf 89' lang='lat' dir='ltr'>sileret</span> <span class='ocrx_word' id='word_1_18' title='bbox 874 834 939 896; x_wconf 90' lang='lat' dir='ltr'>sine</span> <span class='ocrx_word' id='word_1_19' title='bbox 955 834 1063 897; x_wconf 87' lang='lat' dir='ltr'>fabulis</span> <span class='ocrx_word' id='word_1_20' title='bbox 1078 835 1225 910; x_wconf 78' lang='lat' dir='ltr'>hilaritas,</span> <span class='ocrx_word' id='word_1_21' title='bbox 1246 836 1338 898; x_wconf 92' lang='lat' dir='ltr'>multa</span> 
     </span>
     <span class='ocr_line' id='line_1_4' title="bbox 251 916 1373 999; baseline 0.002 -18"><span class='ocrx_word' id='word_1_22' title='bbox 251 919 284 982; x_wconf 91' lang='lat' dir='ltr'>in</span> <span class='ocrx_word' id='word_1_23' title='bbox 306 916 488 981; x_wconf 75' lang='lat' dir='ltr'>muliebrem</span> <span class='ocrx_word' id='word_1_24' title='bbox 507 918 656 980; x_wconf 86' lang='lat' dir='ltr'>levitatem</span> <span class='ocrx_word' id='word_1_25' title='bbox 678 920 780 998; x_wconf 88' lang='lat' dir='ltr'>coepit</span> <span class='ocrx_word' id='word_1_26' title='bbox 800 920 925 981; x_wconf 90' lang='lat' dir='ltr'>iactare:</span> <span class='ocrx_word' id='word_1_27' title='bbox 948 937 1038 999; x_wconf 90' lang='lat' dir='ltr'>quam</span> <span class='ocrx_word' id='word_1_28' title='bbox 1054 920 1140 982; x_wconf 77' lang='lat' dir='ltr'>facile</span> <span class='ocrx_word' id='word_1_29' title='bbox 1155 920 1337 996; x_wconf 88' lang='lat' dir='ltr'>adamarent,</span> <span class='ocrx_word' id='word_1_30' title='bbox 1358 934 1373 982; x_wconf 82' lang='lat' dir='ltr'>&#39;t</span> 
     </span>
     <span class='ocr_line' id='line_1_5' title="bbox 253 1002 1338 1086; baseline 0.002 -20"><span class='ocrx_word' id='word_1_31' title='bbox 253 1003 417 1085; x_wconf 86' lang='lat' dir='ltr'>quamcito</span> <span class='ocrx_word' id='word_1_32' title='bbox 428 1003 518 1065; x_wconf 62' lang='lat' dir='ltr'>mam</span> <span class='ocrx_word' id='word_1_33' title='bbox 527 1003 658 1066; x_wconf 87' lang='lat' dir='ltr'>liliorum</span> <span class='ocrx_word' id='word_1_34' title='bbox 670 1002 927 1079; x_wconf 83' lang='lat' dir='ltr'>obliviscerentur,</span> <span class='ocrx_word' id='word_1_35' title='bbox 935 1005 1109 1086; x_wconf 90' lang='lat' dir='ltr'>nullamque</span> <span class='ocrx_word' id='word_1_36' title='bbox 1120 1024 1185 1069; x_wconf 89' lang='lat' dir='ltr'>esse</span> <span class='ocrx_word' id='word_1_37' title='bbox 1197 1006 1338 1068; x_wconf 83' lang='lat' dir='ltr'>feminam</span> 
     </span>
    </p>

    <p class='ocr_par' dir='ltr' id='par_1_3' title="bbox 219 1089 1373 1511">
     <span class='ocr_line' id='line_1_6' title="bbox 219 1089 1338 1171; baseline 0.002 -20"><span class='ocrx_word' id='word_1_38' title='bbox 219 1099 312 1153; x_wconf 82' lang='lat' dir='ltr'>ttsm</span> <span class='ocrx_word' id='word_1_39' title='bbox 335 1089 486 1171; x_wconf 86' lang='lat' dir='ltr'>pudicam,</span> <span class='ocrx_word' id='word_1_40' title='bbox 508 1107 584 1169; x_wconf 89' lang='lat' dir='ltr'>quae</span> <span class='ocrx_word' id='word_1_41' title='bbox 608 1107 669 1153; x_wconf 90' lang='lat' dir='ltr'>non</span> <span class='ocrx_word' id='word_1_42' title='bbox 693 1090 852 1169; x_wconf 89' lang='lat' dir='ltr'>peregrina</span> <span class='ocrx_word' id='word_1_43' title='bbox 875 1089 998 1152; x_wconf 86' lang='lat' dir='ltr'>libidine</span> <span class='ocrx_word' id='word_1_44' title='bbox 1020 1109 1117 1170; x_wconf 88' lang='lat' dir='ltr'>usquo</span> <span class='ocrx_word' id='word_1_45' title='bbox 1145 1092 1182 1153; x_wconf 92' lang='lat' dir='ltr'>ad</span> <span class='ocrx_word' id='word_1_46' title='bbox 1204 1092 1338 1154; x_wconf 90' lang='lat' dir='ltr'>furorem</span> 
     </span>
     <span class='ocr_line' id='line_1_7' title="bbox 252 1175 1373 1255; baseline 0.001 -17"><span class='ocrx_word' id='word_1_47' title='bbox 252 1182 447 1238; x_wconf 66' lang='lat' dir='ltr'>uerteretur.</span> <span class='ocrx_word' id='word_1_48' title='bbox 477 1193 534 1237; x_wconf 90' lang='lat' dir='ltr'>nec</span> <span class='ocrx_word' id='word_1_49' title='bbox 554 1194 587 1237; x_wconf 86' lang='lat' dir='ltr'>se</span> <span class='ocrx_word' id='word_1_50' title='bbox 606 1175 775 1255; x_wconf 79' lang='lat' dir='ltr'>tragoedias</span> <span class='ocrx_word' id='word_1_51' title='bbox 794 1184 912 1238; x_wconf 84' lang='lat' dir='ltr'>veteres</span> <span class='ocrx_word' id='word_1_52' title='bbox 931 1192 1037 1238; x_wconf 86' lang='lat' dir='ltr'>curare</span> <span class='ocrx_word' id='word_1_53' title='bbox 1056 1186 1108 1238; x_wconf 88' lang='lat' dir='ltr'>aut</span> <span class='ocrx_word' id='word_1_54' title='bbox 1129 1177 1251 1239; x_wconf 91' lang='lat' dir='ltr'>uomina</span> <span class='ocrx_word' id='word_1_55' title='bbox 1272 1195 1337 1239; x_wconf 85' lang='lat' dir='ltr'>sae·</span> <span class='ocrx_word' id='word_1_56' title='bbox 1358 1188 1373 1239; x_wconf 89' lang='lat'>8</span> 
     </span>
     <span class='ocr_line' id='line_1_8' title="bbox 253 1260 1337 1341; baseline 0 -18"><span class='ocrx_word' id='word_1_57' title='bbox 253 1261 329 1324; x_wconf 81' lang='lat' dir='ltr'>cubs</span> <span class='ocrx_word' id='word_1_58' title='bbox 342 1268 428 1335; x_wconf 78' lang='lat' dir='ltr'>nom,</span> <span class='ocrx_word' id='word_1_59' title='bbox 442 1260 495 1323; x_wconf 87' lang='lat' dir='ltr'>sed</span> <span class='ocrx_word' id='word_1_60' title='bbox 508 1277 574 1321; x_wconf 92' lang='lat' dir='ltr'>rem</span> <span class='ocrx_word' id='word_1_61' title='bbox 588 1278 641 1322; x_wconf 91' lang='lat' dir='ltr'>sua</span> <span class='ocrx_word' id='word_1_62' title='bbox 656 1261 801 1322; x_wconf 88' lang='lat' dir='ltr'>memoria</span> <span class='ocrx_word' id='word_1_63' title='bbox 823 1262 947 1335; x_wconf 70' lang='lat' dir='ltr'>boum,</span> <span class='ocrx_word' id='word_1_64' title='bbox 971 1280 1059 1341; x_wconf 91' lang='lat' dir='ltr'>quam</span> <span class='ocrx_word' id='word_1_65' title='bbox 1084 1262 1289 1341; x_wconf 88' lang='lat' dir='ltr'>expositurum</span> <span class='ocrx_word' id='word_1_66' title='bbox 1305 1281 1337 1325; x_wconf 90' lang='lat' dir='ltr'>se</span> 
     </span>
     <span class='ocr_line' id='line_1_9' title="bbox 253 1344 1337 1427; baseline 0.001 -19"><span class='ocrx_word' id='word_1_67' title='bbox 253 1365 328 1420; x_wconf 89' lang='lat' dir='ltr'>esse,</span> <span class='ocrx_word' id='word_1_68' title='bbox 342 1344 370 1408; x_wconf 91' lang='lat' dir='ltr'>si</span> <span class='ocrx_word' id='word_1_69' title='bbox 384 1344 527 1408; x_wconf 82' lang='lat' dir='ltr'>vellemus</span> <span class='ocrx_word' id='word_1_70' title='bbox 541 1345 654 1408; x_wconf 87' lang='lat' dir='ltr'>audire.</span> <span class='ocrx_word' id='word_1_71' title='bbox 686 1347 839 1409; x_wconf 82' lang='lat' dir='ltr'>conversis</span> <span class='ocrx_word' id='word_1_72' title='bbox 853 1347 946 1427; x_wconf 91' lang='lat' dir='ltr'>igitur</span> <span class='ocrx_word' id='word_1_73' title='bbox 960 1347 1096 1410; x_wconf 91' lang='lat' dir='ltr'>omnium</span> <span class='ocrx_word' id='word_1_74' title='bbox 1111 1348 1142 1409; x_wconf 91' lang='lat' dir='ltr'>in</span> <span class='ocrx_word' id='word_1_75' title='bbox 1159 1366 1192 1410; x_wconf 90' lang='lat' dir='ltr'>se</span> <span class='ocrx_word' id='word_1_76' title='bbox 1207 1347 1337 1409; x_wconf 86' lang='lat' dir='ltr'>vultibus</span> 
     </span>
     <span class='ocr_line' id='line_1_10' title="bbox 254 1431 677 1511; baseline 0 -17"><span class='ocrx_word' id='word_1_77' title='bbox 254 1431 438 1511; x_wconf 81' lang='lat' dir='ltr'>auribusque</span> <span class='ocrx_word' id='word_1_78' title='bbox 452 1431 496 1493; x_wconf 89' lang='lat' dir='ltr'>sic</span> <span class='ocrx_word' id='word_1_79' title='bbox 511 1447 598 1493; x_wconf 91' lang='lat' dir='ltr'>orsus</span> <span class='ocrx_word' id='word_1_80' title='bbox 613 1441 677 1495; x_wconf 85' lang='lat' dir='ltr'>est:</span> 
     </span>
    </p>

    <p class='ocr_par' dir='ltr' id='par_1_4' title="bbox 206 1512 1404 1941">
     <span class='ocr_line' id='line_1_11' title="bbox 206 1512 1404 1598; baseline 0.003 -20"><span class='ocrx_word' id='word_1_81' title='bbox 206 1525 236 1579; x_wconf 84' lang='lat' dir='ltr'>tt</span> <span class='ocrx_word' id='word_1_82' title='bbox 337 1522 486 1578; x_wconf 87' lang='lat' dir='ltr'>‘matrona</span> <span class='ocrx_word' id='word_1_83' title='bbox 500 1517 643 1596; x_wconf 84' lang='lat' dir='ltr'>quaedam</span> <span class='ocrx_word' id='word_1_84' title='bbox 659 1515 772 1597; x_wconf 83' lang='lat' dir='ltr'>Ephesi</span> <span class='ocrx_word' id='word_1_85' title='bbox 792 1525 853 1578; x_wconf 90' lang='lat' dir='ltr'>tam</span> <span class='ocrx_word' id='word_1_86' title='bbox 868 1526 958 1578; x_wconf 89' lang='lat' dir='ltr'>notae</span> <span class='ocrx_word' id='word_1_87' title='bbox 973 1525 1037 1578; x_wconf 89' lang='lat' dir='ltr'>erat</span> <span class='ocrx_word' id='word_1_88' title='bbox 1050 1516 1221 1598; x_wconf 87' lang='lat' dir='ltr'>pudicitiae,</span> <span class='ocrx_word' id='word_1_89' title='bbox 1244 1526 1278 1578; x_wconf 92' lang='lat' dir='ltr'>ut</span> <span class='ocrx_word' id='word_1_90' title='bbox 1291 1517 1334 1578; x_wconf 85' lang='lat' dir='ltr'>vi·</span> <span class='ocrx_word' id='word_1_91' title='bbox 1342 1512 1404 1581; x_wconf 93' lang='grc'>111</span> 
     </span>
     <span class='ocr_line' id='line_1_12' title="bbox 254 1601 1337 1683; baseline 0 -18"><span class='ocrx_word' id='word_1_92' title='bbox 254 1604 389 1665; x_wconf 79' lang='lat' dir='ltr'>cinerum</span> <span class='ocrx_word' id='word_1_93' title='bbox 404 1619 527 1682; x_wconf 90' lang='lat' dir='ltr'>quoquc</span> <span class='ocrx_word' id='word_1_94' title='bbox 548 1603 683 1682; x_wconf 89' lang='lat' dir='ltr'>gentium</span> <span class='ocrx_word' id='word_1_95' title='bbox 705 1601 831 1664; x_wconf 82' lang='lat' dir='ltr'>feminas</span> <span class='ocrx_word' id='word_1_96' title='bbox 851 1602 888 1662; x_wconf 89' lang='lat' dir='ltr'>ad</span> <span class='ocrx_word' id='word_1_97' title='bbox 910 1602 1115 1683; x_wconf 82' lang='lat' dir='ltr'>spectaculum</span> <span class='ocrx_word' id='word_1_98' title='bbox 1130 1602 1177 1664; x_wconf 88' lang='lat' dir='ltr'>sui</span> <span class='ocrx_word' id='word_1_99' title='bbox 1192 1610 1337 1666; x_wconf 79' lang='lat' dir='ltr'>evocaret.</span> 
     </span>
     <span class='ocr_line' id='line_1_13' title="bbox 253 1686 1371 1767; baseline -0.004 -17"><span class='ocrx_word' id='word_1_100' title='bbox 253 1688 327 1750; x_wconf 89' lang='lat' dir='ltr'>baec</span> <span class='ocrx_word' id='word_1_101' title='bbox 342 1705 415 1767; x_wconf 87' lang='lat' dir='ltr'>ergo</span> <span class='ocrx_word' id='word_1_102' title='bbox 431 1704 500 1749; x_wconf 91' lang='lat' dir='ltr'>cum</span> <span class='ocrx_word' id='word_1_103' title='bbox 514 1688 610 1749; x_wconf 87' lang='lat' dir='ltr'>virum</span> <span class='ocrx_word' id='word_1_104' title='bbox 627 1686 789 1761; x_wconf 79' lang='lat' dir='ltr'>extulisset,</span> <span class='ocrx_word' id='word_1_105' title='bbox 813 1706 875 1749; x_wconf 90' lang='lat' dir='ltr'>non</span> <span class='ocrx_word' id='word_1_106' title='bbox 898 1696 1040 1749; x_wconf 88' lang='lat' dir='ltr'>contenta</span> <span class='ocrx_word' id='word_1_107' title='bbox 1061 1687 1174 1767; x_wconf 86' lang='lat' dir='ltr'>vulgari</span> <span class='ocrx_word' id='word_1_108' title='bbox 1190 1706 1274 1749; x_wconf 90' lang='lat' dir='ltr'>more</span> <span class='ocrx_word' id='word_1_109' title='bbox 1288 1689 1335 1748; x_wconf 87' lang='lat' dir='ltr'>fu·</span> <span class='ocrx_word' id='word_1_110' title='bbox 1357 1697 1371 1746; x_wconf 83' lang='lat'>2</span> 
     </span>
     <span class='ocr_line' id='line_1_14' title="bbox 254 1772 1337 1854; baseline -0.002 -18"><span class='ocrx_word' id='word_1_111' title='bbox 254 1791 311 1836; x_wconf 89' lang='lat' dir='ltr'>nus</span> <span class='ocrx_word' id='word_1_112' title='bbox 332 1773 429 1853; x_wconf 88' lang='lat' dir='ltr'>passis</span> <span class='ocrx_word' id='word_1_113' title='bbox 449 1773 593 1854; x_wconf 85' lang='lat' dir='ltr'>prosequi</span> <span class='ocrx_word' id='word_1_114' title='bbox 614 1772 750 1835; x_wconf 89' lang='lat' dir='ltr'>crinibus</span> <span class='ocrx_word' id='word_1_115' title='bbox 772 1781 824 1833; x_wconf 91' lang='lat' dir='ltr'>aut</span> <span class='ocrx_word' id='word_1_116' title='bbox 845 1773 988 1835; x_wconf 90' lang='lat' dir='ltr'>nudatum</span> <span class='ocrx_word' id='word_1_117' title='bbox 1005 1782 1110 1853; x_wconf 84' lang='lat' dir='ltr'>pectus</span> <span class='ocrx_word' id='word_1_118' title='bbox 1124 1773 1156 1834; x_wconf 92' lang='lat' dir='ltr'>in</span> <span class='ocrx_word' id='word_1_119' title='bbox 1173 1782 1337 1853; x_wconf 89' lang='lat' dir='ltr'>conspectu</span> 
     </span>
     <span class='ocr_line' id='line_1_15' title="bbox 254 1857 1336 1941; baseline -0.001 -21"><span class='ocrx_word' id='word_1_120' title='bbox 254 1859 441 1939; x_wconf 78' lang='lat' dir='ltr'>frequentiae</span> <span class='ocrx_word' id='word_1_121' title='bbox 463 1857 616 1941; x_wconf 88' lang='lat' dir='ltr'>plangere,</span> <span class='ocrx_word' id='word_1_122' title='bbox 637 1858 669 1920; x_wconf 93' lang='lat' dir='ltr'>in</span> <span class='ocrx_word' id='word_1_123' title='bbox 692 1858 895 1920; x_wconf 88' lang='lat' dir='ltr'>conditorium</span> <span class='ocrx_word' id='word_1_124' title='bbox 918 1858 1006 1919; x_wconf 89' lang='lat' dir='ltr'>etiam</span> <span class='ocrx_word' id='word_1_125' title='bbox 1028 1867 1187 1939; x_wconf 87' lang='lat' dir='ltr'>prosecuta</span> <span class='ocrx_word' id='word_1_126' title='bbox 1210 1869 1257 1921; x_wconf 90' lang='lat' dir='ltr'>est</span> <span class='ocrx_word' id='word_1_127' title='bbox 1285 1858 1336 1919; x_wconf 91' lang='lat' dir='ltr'>de-</span> 
     </span>
    </p>

    <p class='ocr_par' dir='ltr' id='par_1_5' title="bbox 214 1943 1372 2367">
     <span class='ocr_line' id='line_1_16' title="bbox 214 1943 1337 2025; baseline 0 -20"><span class='ocrx_word' id='word_1_128' title='bbox 214 1953 237 2005; x_wconf 89' lang='lat' dir='ltr'>tt</span> <span class='ocrx_word' id='word_1_129' title='bbox 253 1945 400 2017; x_wconf 84' lang='lat' dir='ltr'>iunctum,</span> <span class='ocrx_word' id='word_1_130' title='bbox 414 1944 607 2024; x_wconf 90' lang='lat' dir='ltr'>positumque</span> <span class='ocrx_word' id='word_1_131' title='bbox 620 1943 653 2006; x_wconf 90' lang='lat' dir='ltr'>in</span> <span class='ocrx_word' id='word_1_132' title='bbox 667 1944 823 2025; x_wconf 76' lang='lat' dir='ltr'>hypogaeo</span> <span class='ocrx_word' id='word_1_133' title='bbox 836 1943 949 2006; x_wconf 87' lang='lat' dir='ltr'>Graeco</span> <span class='ocrx_word' id='word_1_134' title='bbox 964 1962 1048 2006; x_wconf 91' lang='lat' dir='ltr'>more</span> <span class='ocrx_word' id='word_1_135' title='bbox 1061 1961 1172 2023; x_wconf 86' lang='lat' dir='ltr'>corpus</span> <span class='ocrx_word' id='word_1_136' title='bbox 1186 1944 1337 2006; x_wconf 88' lang='lat' dir='ltr'>custodire</span> 
     </span>
     <span class='ocr_line' id='line_1_17' title="bbox 255 2028 1372 2110; baseline -0.005 -18"><span class='ocrx_word' id='word_1_137' title='bbox 255 2049 287 2092; x_wconf 91' lang='lat' dir='ltr'>ac</span> <span class='ocrx_word' id='word_1_138' title='bbox 308 2031 383 2092; x_wconf 88' lang='lat' dir='ltr'>llere</span> <span class='ocrx_word' id='word_1_139' title='bbox 404 2030 475 2091; x_wconf 89' lang='lat' dir='ltr'>totis</span> <span class='ocrx_word' id='word_1_140' title='bbox 498 2028 638 2091; x_wconf 87' lang='lat' dir='ltr'>noctibus</span> <span class='ocrx_word' id='word_1_141' title='bbox 658 2028 825 2108; x_wconf 88' lang='lat' dir='ltr'>diebusque</span> <span class='ocrx_word' id='word_1_142' title='bbox 847 2030 958 2110; x_wconf 89' lang='lat' dir='ltr'>coepit.</span> <span class='ocrx_word' id='word_1_143' title='bbox 987 2030 1031 2091; x_wconf 91' lang='lat' dir='ltr'>sic</span> <span class='ocrx_word' id='word_1_144' title='bbox 1046 2029 1237 2091; x_wconf 82' lang='lat' dir='ltr'>afflictantem</span> <span class='ocrx_word' id='word_1_145' title='bbox 1253 2048 1286 2091; x_wconf 89' lang='lat' dir='ltr'>se</span> <span class='ocrx_word' id='word_1_146' title='bbox 1300 2047 1335 2091; x_wconf 88' lang='lat' dir='ltr'>ac</span> <span class='ocrx_word' id='word_1_147' title='bbox 1356 2037 1372 2086; x_wconf 81' lang='lat' dir='ltr'>a</span> 
     </span>
     <span class='ocr_line' id='line_1_18' title="bbox 254 2113 1335 2196; baseline -0.004 -18"><span class='ocrx_word' id='word_1_148' title='bbox 254 2124 383 2178; x_wconf 89' lang='lat' dir='ltr'>mortem</span> <span class='ocrx_word' id='word_1_149' title='bbox 397 2113 496 2177; x_wconf 92' lang='lat' dir='ltr'>inedia</span> <span class='ocrx_word' id='word_1_150' title='bbox 511 2122 744 2196; x_wconf 88' lang='lat' dir='ltr'>persequentem</span> <span class='ocrx_word' id='word_1_151' title='bbox 760 2133 823 2176; x_wconf 89' lang='lat' dir='ltr'>uon</span> <span class='ocrx_word' id='word_1_152' title='bbox 839 2123 981 2195; x_wconf 85' lang='lat' dir='ltr'>parentes</span> <span class='ocrx_word' id='word_1_153' title='bbox 995 2124 1163 2195; x_wconf 88' lang='lat' dir='ltr'>potuerunt</span> <span class='ocrx_word' id='word_1_154' title='bbox 1176 2113 1335 2187; x_wconf 88' lang='lat' dir='ltr'>abducere,</span> 
     </span>
     <span class='ocr_line' id='line_1_19' title="bbox 254 2198 1335 2282; baseline -0.004 -18"><span class='ocrx_word' id='word_1_155' title='bbox 254 2220 314 2264; x_wconf 92' lang='lat' dir='ltr'>non</span> <span class='ocrx_word' id='word_1_156' title='bbox 331 2200 517 2282; x_wconf 89' lang='lat' dir='ltr'>propinqui;</span> <span class='ocrx_word' id='word_1_157' title='bbox 539 2201 731 2279; x_wconf 80' lang='lat' dir='ltr'>magistratus</span> <span class='ocrx_word' id='word_1_158' title='bbox 746 2199 851 2262; x_wconf 89' lang='lat' dir='ltr'>ultimo</span> <span class='ocrx_word' id='word_1_159' title='bbox 867 2201 980 2281; x_wconf 89' lang='lat' dir='ltr'>repulsi</span> <span class='ocrx_word' id='word_1_160' title='bbox 994 2198 1144 2274; x_wconf 92' lang='lat' dir='ltr'>abierunt,</span> <span class='ocrx_word' id='word_1_161' title='bbox 1166 2199 1335 2280; x_wconf 89' lang='lat' dir='ltr'>complora-</span> 
     </span>
     <span class='ocr_line' id='line_1_20' title="bbox 253 2285 1336 2367; baseline -0.002 -19"><span class='ocrx_word' id='word_1_162' title='bbox 253 2296 342 2367; x_wconf 87' lang='lat' dir='ltr'>taque</span> <span class='ocrx_word' id='word_1_163' title='bbox 358 2285 519 2365; x_wconf 86' lang='lat' dir='ltr'>singularis</span> <span class='ocrx_word' id='word_1_164' title='bbox 541 2286 669 2365; x_wconf 88' lang='lat' dir='ltr'>exempli</span> <span class='ocrx_word' id='word_1_165' title='bbox 690 2285 801 2347; x_wconf 89' lang='lat' dir='ltr'>femina</span> <span class='ocrx_word' id='word_1_166' title='bbox 816 2285 854 2347; x_wconf 91' lang='lat' dir='ltr'>ab</span> <span class='ocrx_word' id='word_1_167' title='bbox 870 2286 1010 2348; x_wconf 89' lang='lat' dir='ltr'>omuibus</span> <span class='ocrx_word' id='word_1_168' title='bbox 1031 2286 1168 2365; x_wconf 91' lang='lat' dir='ltr'>quintum</span> <span class='ocrx_word' id='word_1_169' title='bbox 1184 2286 1241 2347; x_wconf 92' lang='lat' dir='ltr'>iam</span> <span class='ocrx_word' id='word_1_170' title='bbox 1258 2286 1336 2347; x_wconf 89' lang='lat' dir='ltr'>diam</span> 
     </span>
    </p>

    <p class='ocr_par' dir='ltr' id='par_1_6' title="bbox 213 2369 1371 2795">
     <span class='ocr_line' id='line_1_21' title="bbox 213 2369 1371 2451; baseline -0.005 -19"><span class='ocrx_word' id='word_1_171' title='bbox 213 2379 237 2432; x_wconf 83' lang='lat' dir='ltr'>to</span> <span class='ocrx_word' id='word_1_172' title='bbox 252 2373 316 2435; x_wconf 89' lang='lat' dir='ltr'>sine</span> <span class='ocrx_word' id='word_1_173' title='bbox 330 2371 475 2433; x_wconf 89' lang='lat' dir='ltr'>alimento</span> <span class='ocrx_word' id='word_1_174' title='bbox 489 2369 636 2432; x_wconf 85' lang='lat' dir='ltr'>trahebat.</span> <span class='ocrx_word' id='word_1_175' title='bbox 665 2370 813 2433; x_wconf 90' lang='lat' dir='ltr'>assidebat</span> <span class='ocrx_word' id='word_1_176' title='bbox 828 2389 935 2451; x_wconf 78' lang='lat' dir='ltr'>aegrae</span> <span class='ocrx_word' id='word_1_177' title='bbox 946 2371 1087 2434; x_wconf 83' lang='lat' dir='ltr'>fidissima</span> <span class='ocrx_word' id='word_1_178' title='bbox 1099 2371 1215 2446; x_wconf 90' lang='lat' dir='ltr'>ancilla,</span> <span class='ocrx_word' id='word_1_179' title='bbox 1231 2370 1334 2433; x_wconf 91' lang='lat' dir='ltr'>simul·</span> <span class='ocrx_word' id='word_1_180' title='bbox 1356 2378 1371 2426; x_wconf 83' lang='lat'>4</span> 
     </span>
     <span class='ocr_line' id='line_1_22' title="bbox 254 2455 1335 2538; baseline -0.004 -18"><span class='ocrx_word' id='word_1_181' title='bbox 254 2477 311 2538; x_wconf 91' lang='lat' dir='ltr'>que</span> <span class='ocrx_word' id='word_1_182' title='bbox 333 2466 365 2520; x_wconf 87' lang='lat' dir='ltr'>et</span> <span class='ocrx_word' id='word_1_183' title='bbox 386 2456 524 2519; x_wconf 87' lang='lat' dir='ltr'>lacrimas</span> <span class='ocrx_word' id='word_1_184' title='bbox 545 2455 754 2518; x_wconf 89' lang='lat' dir='ltr'>commodabat</span> <span class='ocrx_word' id='word_1_185' title='bbox 774 2456 901 2534; x_wconf 88' lang='lat' dir='ltr'>lugenti,</span> <span class='ocrx_word' id='word_1_186' title='bbox 924 2464 954 2518; x_wconf 90' lang='lat' dir='ltr'>et</span> <span class='ocrx_word' id='word_1_187' title='bbox 976 2457 1238 2535; x_wconf 89' lang='lat' dir='ltr'>quotienscunque</span> <span class='ocrx_word' id='word_1_188' title='bbox 1253 2457 1335 2518; x_wconf 85' lang='lat' dir='ltr'>dele·</span> 
     </span>
     <span class='ocr_line' id='line_1_23' title="bbox 253 2541 1370 2623; baseline -0.007 -18"><span class='ocrx_word' id='word_1_189' title='bbox 253 2552 333 2605; x_wconf 85' lang='lat' dir='ltr'>cerat</span> <span class='ocrx_word' id='word_1_190' title='bbox 344 2542 479 2623; x_wconf 88' lang='lat' dir='ltr'>positum</span> <span class='ocrx_word' id='word_1_191' title='bbox 489 2542 520 2603; x_wconf 96' lang='lat' dir='ltr'>in</span> <span class='ocrx_word' id='word_1_192' title='bbox 534 2551 729 2604; x_wconf 91' lang='lat' dir='ltr'>monumento</span> <span class='ocrx_word' id='word_1_193' title='bbox 740 2542 842 2603; x_wconf 86' lang='lat' dir='ltr'>lumen</span> <span class='ocrx_word' id='word_1_194' title='bbox 854 2541 1027 2603; x_wconf 87' lang='lat' dir='ltr'>renovabat.</span> <span class='ocrx_word' id='word_1_195' title='bbox 1053 2559 1114 2603; x_wconf 88' lang='lat' dir='ltr'>una</span> <span class='ocrx_word' id='word_1_196' title='bbox 1124 2541 1217 2621; x_wconf 92' lang='lat' dir='ltr'>igitur</span> <span class='ocrx_word' id='word_1_197' title='bbox 1227 2541 1258 2603; x_wconf 93' lang='lat' dir='ltr'>in</span> <span class='ocrx_word' id='word_1_198' title='bbox 1271 2549 1333 2601; x_wconf 93' lang='lat' dir='ltr'>tota</span> <span class='ocrx_word' id='word_1_199' title='bbox 1356 2550 1370 2597; x_wconf 84' lang='lat'>5</span> 
     </span>
     <span class='ocr_line' id='line_1_24' title="bbox 253 2625 1334 2706; baseline -0.005 -15"><span class='ocrx_word' id='word_1_200' title='bbox 253 2629 369 2691; x_wconf 84' lang='lat' dir='ltr'>civitate</span> <span class='ocrx_word' id='word_1_201' title='bbox 384 2625 484 2689; x_wconf 80' lang='lat' dir='ltr'>tabula</span> <span class='ocrx_word' id='word_1_202' title='bbox 499 2636 573 2701; x_wconf 88' lang='lat' dir='ltr'>erat,</span> <span class='ocrx_word' id='word_1_203' title='bbox 587 2627 685 2689; x_wconf 90' lang='lat' dir='ltr'>solum</span> <span class='ocrx_word' id='word_1_204' title='bbox 704 2627 777 2689; x_wconf 93' lang='lat' dir='ltr'>illud</span> <span class='ocrx_word' id='word_1_205' title='bbox 793 2627 938 2689; x_wconf 84' lang='lat' dir='ltr'>affulsisse</span> <span class='ocrx_word' id='word_1_206' title='bbox 958 2644 1061 2688; x_wconf 85' lang='lat' dir='ltr'>verum</span> <span class='ocrx_word' id='word_1_207' title='bbox 1077 2626 1236 2706; x_wconf 89' lang='lat' dir='ltr'>pudicitiae</span> <span class='ocrx_word' id='word_1_208' title='bbox 1251 2643 1334 2687; x_wconf 89' lang='lat' dir='ltr'>amo·</span> 
     </span>
     <span class='ocr_line' id='line_1_25' title="bbox 253 2709 1333 2795; baseline -0.006 -18"><span class='ocrx_word' id='word_1_209' title='bbox 253 2715 354 2795; x_wconf 87' lang='lat' dir='ltr'>risque</span> <span class='ocrx_word' id='word_1_210' title='bbox 368 2712 538 2793; x_wconf 88' lang='lat' dir='ltr'>exemplum</span> <span class='ocrx_word' id='word_1_211' title='bbox 555 2713 653 2775; x_wconf 90' lang='lat' dir='ltr'>omnis</span> <span class='ocrx_word' id='word_1_212' title='bbox 668 2713 782 2775; x_wconf 91' lang='lat' dir='ltr'>ordinis</span> <span class='ocrx_word' id='word_1_213' title='bbox 797 2712 934 2774; x_wconf 91' lang='lat' dir='ltr'>homines</span> <span class='ocrx_word' id='word_1_214' title='bbox 948 2709 1180 2785; x_wconf 84' lang='lat' dir='ltr'>confitebantur,</span> <span class='ocrx_word' id='word_1_215' title='bbox 1202 2729 1274 2773; x_wconf 91' lang='lat' dir='ltr'>cum·</span> <span class='ocrx_word' id='word_1_216' title='bbox 1286 2712 1333 2772; x_wconf 88' lang='lat' dir='ltr'>in·</span> 
     </span>
    </p>

    <p class='ocr_par' dir='ltr' id='par_1_7' title="bbox 215 2796 1418 3220">
     <span class='ocr_line' id='line_1_26' title="bbox 215 2796 1333 2879; baseline -0.001 -22"><span class='ocrx_word' id='word_1_217' title='bbox 215 2805 237 2857; x_wconf 85' lang='lat' dir='ltr'>tt</span> <span class='ocrx_word' id='word_1_218' title='bbox 252 2800 336 2862; x_wconf 89' lang='lat' dir='ltr'>terim</span> <span class='ocrx_word' id='word_1_219' title='bbox 353 2799 518 2879; x_wconf 90' lang='lat' dir='ltr'>imperator</span> <span class='ocrx_word' id='word_1_220' title='bbox 538 2798 709 2879; x_wconf 81' lang='lat' dir='ltr'>provinciae</span> <span class='ocrx_word' id='word_1_221' title='bbox 724 2798 857 2860; x_wconf 88' lang='lat' dir='ltr'>latrones</span> <span class='ocrx_word' id='word_1_222' title='bbox 871 2798 957 2859; x_wconf 88' lang='lat' dir='ltr'>iussit</span> <span class='ocrx_word' id='word_1_223' title='bbox 973 2796 1114 2859; x_wconf 91' lang='lat' dir='ltr'>crucibus</span> <span class='ocrx_word' id='word_1_224' title='bbox 1128 2797 1209 2877; x_wconf 83' lang='lat' dir='ltr'>alfigi</span> <span class='ocrx_word' id='word_1_225' title='bbox 1224 2814 1333 2858; x_wconf 89' lang='lat' dir='ltr'>secun·</span> 
     </span>
     <span class='ocr_line' id='line_1_27' title="bbox 252 2879 1333 2963; baseline -0.005 -16"><span class='ocrx_word' id='word_1_226' title='bbox 252 2885 321 2947; x_wconf 90' lang='lat' dir='ltr'>dum</span> <span class='ocrx_word' id='word_1_227' title='bbox 343 2883 426 2946; x_wconf 82' lang='lat' dir='ltr'>illam</span> <span class='ocrx_word' id='word_1_228' title='bbox 449 2883 595 2959; x_wconf 89' lang='lat' dir='ltr'>casulam,</span> <span class='ocrx_word' id='word_1_229' title='bbox 624 2883 655 2945; x_wconf 93' lang='lat' dir='ltr'>in</span> <span class='ocrx_word' id='word_1_230' title='bbox 686 2901 744 2963; x_wconf 90' lang='lat' dir='ltr'>qua</span> <span class='ocrx_word' id='word_1_231' title='bbox 766 2902 873 2945; x_wconf 89' lang='lat' dir='ltr'>recens</span> <span class='ocrx_word' id='word_1_232' title='bbox 893 2884 1017 2946; x_wconf 80' lang='lat' dir='ltr'>cadaver</span> <span class='ocrx_word' id='word_1_233' title='bbox 1038 2894 1175 2944; x_wconf 93' lang='lat' dir='ltr'>matrona</span> <span class='ocrx_word' id='word_1_234' title='bbox 1197 2879 1333 2944; x_wconf 84' lang='lat' dir='ltr'>deflebat</span> 
     </span>
     <span class='ocr_line' id='line_1_28' title="bbox 251 2967 1418 3052; baseline -0.008 -19"><span class='ocrx_word' id='word_1_235' title='bbox 251 2969 388 3050; x_wconf 89' lang='lat' dir='ltr'>proxima</span> <span class='ocrx_word' id='word_1_236' title='bbox 410 2985 483 3050; x_wconf 88' lang='lat' dir='ltr'>crgo</span> <span class='ocrx_word' id='word_1_237' title='bbox 505 2978 604 3042; x_wconf 90' lang='lat' dir='ltr'>nocte,</span> <span class='ocrx_word' id='word_1_238' title='bbox 625 2986 694 3030; x_wconf 89' lang='lat' dir='ltr'>cum</span> <span class='ocrx_word' id='word_1_239' title='bbox 710 2969 805 3052; x_wconf 87' lang='lat' dir='ltr'>miles,</span> <span class='ocrx_word' id='word_1_240' title='bbox 826 2969 878 3049; x_wconf 90' lang='lat' dir='ltr'>qui</span> <span class='ocrx_word' id='word_1_241' title='bbox 893 2987 999 3031; x_wconf 87' lang='lat' dir='ltr'>cruces</span> <span class='ocrx_word' id='word_1_242' title='bbox 1013 2969 1189 3041; x_wconf 82' lang='lat' dir='ltr'>asservabat,</span> <span class='ocrx_word' id='word_1_243' title='bbox 1211 2967 1333 3046; x_wconf 91' lang='lat' dir='ltr'>nequis</span> <span class='ocrx_word' id='word_1_244' title='bbox 1354 2974 1369 3023; x_wconf 82' lang='grc'><strong>6</strong></span> <span class='ocrx_word' id='word_1_245' title='bbox 1416 2998 1418 3001; x_wconf 95' lang='grc'>-</span> 
     </span>
     <span class='ocr_line' id='line_1_29' title="bbox 252 3048 1335 3139; baseline -0.004 -22"><span class='ocrx_word' id='word_1_246' title='bbox 252 3057 287 3119; x_wconf 87' lang='lat' dir='ltr'>ad</span> <span class='ocrx_word' id='word_1_247' title='bbox 300 3055 489 3136; x_wconf 87' lang='lat' dir='ltr'>sepulturam</span> <span class='ocrx_word' id='word_1_248' title='bbox 504 3072 615 3136; x_wconf 89' lang='lat' dir='ltr'>corpus</span> <span class='ocrx_word' id='word_1_249' title='bbox 629 3054 814 3129; x_wconf 88' lang='lat' dir='ltr'>detmherat,</span> <span class='ocrx_word' id='word_1_250' title='bbox 840 3063 973 3117; x_wconf 90' lang='lat' dir='ltr'>notasset</span> <span class='ocrx_word' id='word_1_251' title='bbox 993 3053 1050 3116; x_wconf 92' lang='lat' dir='ltr'>sibi</span> <span class='ocrx_word' id='word_1_252' title='bbox 1068 3048 1120 3139; x_wconf 88' lang='lat' dir='ltr'>[et]</span> <span class='ocrx_word' id='word_1_253' title='bbox 1136 3054 1239 3116; x_wconf 88' lang='lat' dir='ltr'>lumen</span> <span class='ocrx_word' id='word_1_254' title='bbox 1255 3052 1335 3114; x_wconf 87' lang='lat' dir='ltr'>iuter</span> 
     </span>
     <span class='ocr_line' id='line_1_30' title="bbox 252 3138 1334 3220; baseline -0.006 -17"><span class='ocrx_word' id='word_1_255' title='bbox 252 3149 449 3205; x_wconf 87' lang='lat' dir='ltr'>monumenta</span> <span class='ocrx_word' id='word_1_256' title='bbox 470 3139 579 3203; x_wconf 92' lang='lat' dir='ltr'>clarius</span> <span class='ocrx_word' id='word_1_257' title='bbox 597 3139 717 3220; x_wconf 90' lang='lat' dir='ltr'>fulgens</span> <span class='ocrx_word' id='word_1_258' title='bbox 739 3150 770 3201; x_wconf 90' lang='lat' dir='ltr'>et</span> <span class='ocrx_word' id='word_1_259' title='bbox 790 3140 934 3220; x_wconf 89' lang='lat' dir='ltr'>gemitum</span> <span class='ocrx_word' id='word_1_260' title='bbox 955 3141 1086 3220; x_wconf 90' lang='lat' dir='ltr'>lugentis</span> <span class='ocrx_word' id='word_1_261' title='bbox 1101 3140 1241 3214; x_wconf 83' lang='lat' dir='ltr'>audisset,</span> <span class='ocrx_word' id='word_1_262' title='bbox 1262 3138 1334 3199; x_wconf 89' lang='lat' dir='ltr'>ritio</span> 
     </span>
    </p>

    <p class='ocr_par' dir='ltr' id='par_1_8' title="bbox 215 3223 1368 3650">
     <span class='ocr_line' id='line_1_31' title="bbox 215 3223 1368 3307; baseline -0.003 -23"><span class='ocrx_word' id='word_1_263' title='bbox 215 3230 235 3284; x_wconf 84' lang='lat' dir='ltr'>tt</span> <span class='ocrx_word' id='word_1_264' title='bbox 251 3227 349 3307; x_wconf 74' lang='lat' dir='ltr'>genus</span> <span class='ocrx_word' id='word_1_265' title='bbox 362 3227 512 3288; x_wconf 88' lang='lat' dir='ltr'>humanae</span> <span class='ocrx_word' id='word_1_266' title='bbox 527 3225 681 3306; x_wconf 91' lang='lat' dir='ltr'>concupiit</span> <span class='ocrx_word' id='word_1_267' title='bbox 695 3226 781 3300; x_wconf 87' lang='lat' dir='ltr'>scire,</span> <span class='ocrx_word' id='word_1_268' title='bbox 797 3226 865 3305; x_wconf 86' lang='lat' dir='ltr'>quis</span> <span class='ocrx_word' id='word_1_269' title='bbox 878 3235 931 3288; x_wconf 90' lang='lat' dir='ltr'>aut</span> <span class='ocrx_word' id='word_1_270' title='bbox 945 3226 1017 3305; x_wconf 90' lang='lat' dir='ltr'>quid</span> <span class='ocrx_word' id='word_1_271' title='bbox 1028 3226 1148 3287; x_wconf 85' lang='lat' dir='ltr'>laceret</span> <span class='ocrx_word' id='word_1_272' title='bbox 1179 3223 1334 3287; x_wconf 87' lang='lat' dir='ltr'>deseendit</span> <span class='ocrx_word' id='word_1_273' title='bbox 1353 3233 1368 3280; x_wconf 82' lang='lat' dir='ltr'>r</span> 
     </span>
     <span class='ocr_line' id='line_1_32' title="bbox 251 3308 1334 3394; baseline -0.005 -20"><span class='ocrx_word' id='word_1_274' title='bbox 251 3313 344 3394; x_wconf 85' lang='lat' dir='ltr'>igitur</span> <span class='ocrx_word' id='word_1_275' title='bbox 356 3313 389 3374; x_wconf 92' lang='lat' dir='ltr'>in</span> <span class='ocrx_word' id='word_1_276' title='bbox 406 3311 618 3385; x_wconf 89' lang='lat' dir='ltr'>conditorium,</span> <span class='ocrx_word' id='word_1_277' title='bbox 632 3310 753 3390; x_wconf 82' lang='lat' dir='ltr'>visaque</span> <span class='ocrx_word' id='word_1_278' title='bbox 773 3311 973 3390; x_wconf 88' lang='lat' dir='ltr'>pulcherrima</span> <span class='ocrx_word' id='word_1_279' title='bbox 989 3311 1114 3372; x_wconf 89' lang='lat' dir='ltr'>muliere</span> <span class='ocrx_word' id='word_1_280' title='bbox 1134 3310 1233 3392; x_wconf 89' lang='lat' dir='ltr'>primo</span> <span class='ocrx_word' id='word_1_281' title='bbox 1249 3308 1334 3388; x_wconf 90' lang='lat' dir='ltr'>quasi</span> 
     </span>
     <span class='ocr_line' id='line_1_33' title="bbox 251 3394 1368 3480; baseline -0.009 -18"><span class='ocrx_word' id='word_1_282' title='bbox 251 3399 380 3480; x_wconf 89' lang='lat' dir='ltr'>quodam</span> <span class='ocrx_word' id='word_1_283' title='bbox 392 3395 910 3477; x_wconf 82' lang='lat' dir='ltr'>monstroinlernisqueimaginibus</span> <span class='ocrx_word' id='word_1_284' title='bbox 920 3396 1057 3459; x_wconf 90' lang='lat' dir='ltr'>turbatus</span> <span class='ocrx_word' id='word_1_285' title='bbox 1068 3395 1209 3458; x_wconf 91' lang='lat' dir='ltr'>substitit.</span> <span class='ocrx_word' id='word_1_286' title='bbox 1225 3394 1332 3456; x_wconf 88' lang='lat' dir='ltr'>deinde</span> <span class='ocrx_word' id='word_1_287' title='bbox 1354 3401 1368 3451; x_wconf 86' lang='lat'>8</span> 
     </span>
     <span class='ocr_line' id='line_1_34' title="bbox 250 3480 1333 3564; baseline -0.006 -18"><span class='ocrx_word' id='word_1_288' title='bbox 250 3492 283 3546; x_wconf 90' lang='lat' dir='ltr'>nt</span> <span class='ocrx_word' id='word_1_289' title='bbox 303 3493 336 3546; x_wconf 92' lang='lat' dir='ltr'>et</span> <span class='ocrx_word' id='word_1_290' title='bbox 357 3499 471 3564; x_wconf 91' lang='lat' dir='ltr'>corpus</span> <span class='ocrx_word' id='word_1_291' title='bbox 484 3482 608 3545; x_wconf 84' lang='lat' dir='ltr'>iacentis</span> <span class='ocrx_word' id='word_1_292' title='bbox 624 3482 782 3562; x_wconf 87' lang='lat' dir='ltr'>conspexit</span> <span class='ocrx_word' id='word_1_293' title='bbox 802 3492 833 3544; x_wconf 93' lang='lat' dir='ltr'>et</span> <span class='ocrx_word' id='word_1_294' title='bbox 846 3482 984 3544; x_wconf 90' lang='lat' dir='ltr'>lacrimas</span> <span class='ocrx_word' id='word_1_295' title='bbox 998 3481 1197 3544; x_wconf 88' lang='lat' dir='ltr'>consideravit</span> <span class='ocrx_word' id='word_1_296' title='bbox 1212 3480 1333 3542; x_wconf 82' lang='lat' dir='ltr'>taciem-</span> 
     </span>
     <span class='ocr_line' id='line_1_35' title="bbox 250 3565 1333 3650; baseline -0.007 -18"><span class='ocrx_word' id='word_1_297' title='bbox 250 3587 308 3649; x_wconf 86' lang='lat' dir='ltr'>que</span> <span class='ocrx_word' id='word_1_298' title='bbox 322 3567 480 3650; x_wconf 65' lang='lat' dir='ltr'>ungamus</span> <span class='ocrx_word' id='word_1_299' title='bbox 501 3577 630 3642; x_wconf 85' lang='lat' dir='ltr'>sectam,</span> <span class='ocrx_word' id='word_1_300' title='bbox 659 3576 742 3650; x_wconf 80' lang='lat' dir='ltr'>ratus</span> <span class='ocrx_word' id='word_1_301' title='bbox 768 3568 881 3630; x_wconf 90' lang='lat' dir='ltr'>scilicet</span> <span class='ocrx_word' id='word_1_302' title='bbox 901 3568 929 3629; x_wconf 93' lang='lat' dir='ltr'>id</span> <span class='ocrx_word' id='word_1_303' title='bbox 953 3567 1130 3647; x_wconf 92' lang='lat' dir='ltr'>quoderat,</span> <span class='ocrx_word' id='word_1_304' title='bbox 1153 3565 1333 3629; x_wconf 88' lang='lat' dir='ltr'>desiderium</span> 
     </span>
    </p>

    <p class='ocr_par' dir='ltr' id='par_1_9' title="bbox 207 3649 1334 3908">
     <span class='ocr_line' id='line_1_36' title="bbox 207 3649 1333 3734; baseline -0.002 -22"><span class='ocrx_word' id='word_1_305' title='bbox 207 3657 232 3712; x_wconf 86' lang='lat' dir='ltr'>tt</span> <span class='ocrx_word' id='word_1_306' title='bbox 249 3655 373 3718; x_wconf 82' lang='lat' dir='ltr'>extincti</span> <span class='ocrx_word' id='word_1_307' title='bbox 390 3672 454 3716; x_wconf 93' lang='lat' dir='ltr'>non</span> <span class='ocrx_word' id='word_1_308' title='bbox 468 3671 558 3734; x_wconf 91' lang='lat' dir='ltr'>posse</span> <span class='ocrx_word' id='word_1_309' title='bbox 569 3653 709 3715; x_wconf 76' lang='lat' dir='ltr'>feminam</span> <span class='ocrx_word' id='word_1_310' title='bbox 721 3653 792 3734; x_wconf 87' lang='lat' dir='ltr'>pati,</span> <span class='ocrx_word' id='word_1_311' title='bbox 803 3652 901 3715; x_wconf 91' lang='lat' dir='ltr'>attulit</span> <span class='ocrx_word' id='word_1_312' title='bbox 912 3653 944 3715; x_wconf 91' lang='lat' dir='ltr'>in</span> <span class='ocrx_word' id='word_1_313' title='bbox 955 3660 1186 3714; x_wconf 88' lang='lat' dir='ltr'>monumeumm</span> <span class='ocrx_word' id='word_1_314' title='bbox 1196 3649 1333 3713; x_wconf 87' lang='lat' dir='ltr'>cenulam</span> 
     </span>
     <span class='ocr_line' id='line_1_37' title="bbox 249 3736 1334 3821; baseline -0.009 -17"><span class='ocrx_word' id='word_1_315' title='bbox 249 3757 334 3804; x_wconf 82' lang='lat' dir='ltr'>susm</span> <span class='ocrx_word' id='word_1_316' title='bbox 356 3738 518 3821; x_wconf 90' lang='lat' dir='ltr'>coepitque</span> <span class='ocrx_word' id='word_1_317' title='bbox 545 3739 659 3802; x_wconf 88' lang='lat' dir='ltr'>hortari</span> <span class='ocrx_word' id='word_1_318' title='bbox 687 3739 857 3819; x_wconf 87' lang='lat' dir='ltr'>lugentem,</span> <span class='ocrx_word' id='word_1_319' title='bbox 884 3757 923 3800; x_wconf 91' lang='lat' dir='ltr'>ue</span> <span class='ocrx_word' id='word_1_320' title='bbox 951 3747 1155 3818; x_wconf 88' lang='lat' dir='ltr'>perseveraret</span> <span class='ocrx_word' id='word_1_321' title='bbox 1176 3737 1208 3798; x_wconf 89' lang='lat' dir='ltr'>in</span> <span class='ocrx_word' id='word_1_322' title='bbox 1231 3736 1334 3797; x_wconf 90' lang='lat' dir='ltr'>dolore</span> 
     </span>
     <span class='ocr_line' id='line_1_38' title="bbox 249 3821 1333 3908; baseline -0.006 -20"><span class='ocrx_word' id='word_1_323' title='bbox 249 3843 437 3908; x_wconf 86' lang='lat' dir='ltr'>supervacuo</span> <span class='ocrx_word' id='word_1_324' title='bbox 451 3841 486 3886; x_wconf 83' lang='lat' dir='ltr'>ac</span> <span class='ocrx_word' id='word_1_325' title='bbox 501 3824 576 3886; x_wconf 90' lang='lat' dir='ltr'>nihil</span> <span class='ocrx_word' id='word_1_326' title='bbox 590 3826 750 3905; x_wconf 84' lang='lat' dir='ltr'>profuturo</span> <span class='ocrx_word' id='word_1_327' title='bbox 766 3825 879 3904; x_wconf 90' lang='lat' dir='ltr'>gemitu</span> <span class='ocrx_word' id='word_1_328' title='bbox 893 3835 999 3905; x_wconf 90' lang='lat' dir='ltr'>pectus</span> <span class='ocrx_word' id='word_1_329' title='bbox 1014 3823 1183 3887; x_wconf 84' lang='lat' dir='ltr'>diduceret:</span> <span class='ocrx_word' id='word_1_330' title='bbox 1199 3821 1333 3883; x_wconf 91' lang='lat' dir='ltr'>omnium</span> 
     </span>
    </p>
   </div>
   <div class='ocr_carea' id='block_1_3' title="bbox 248 3979 457 3991">
    <p class='ocr_par' dir='ltr' id='par_1_10' title="bbox 248 3979 457 3991">
     <span class='ocr_line' id='line_1_39' title="bbox 248 3979 457 3991; baseline -0.014 0"><span class='ocrx_word' id='word_1_331' title='bbox 248 3979 457 3991; x_wconf 66' lang='grc' dir='ltr'>..η-...-</span> 
     </span>
    </p>
   </div>
   <div class='ocr_carea' id='block_1_4' title="bbox 249 4054 1335 4336">
    <p class='ocr_par' dir='ltr' id='par_1_11' title="bbox 249 4054 1335 4336">
     <span class='ocr_line' id='line_1_40' title="bbox 334 4054 1332 4126; baseline -0.009 -10"><span class='ocrx_word' id='word_1_332' title='bbox 334 4066 353 4118; x_wconf 91' lang='lat' dir='ltr'>a</span> <span class='ocrx_word' id='word_1_333' title='bbox 370 4075 480 4114; x_wconf 85' lang='lat' dir='ltr'>exorsus</span> <span class='ocrx_word' id='word_1_334' title='bbox 495 4059 624 4112; x_wconf 68' lang='lat' dir='ltr'>semla</span> <span class='ocrx_word' id='word_1_335' title='bbox 640 4076 676 4112; x_wconf 71' lang='lat' dir='ltr'>ee</span> <span class='ocrx_word' id='word_1_336' title='bbox 694 4059 716 4111; x_wconf 87' lang='lat'><strong><em>0</em></strong></span> <span class='ocrx_word' id='word_1_337' title='bbox 735 4060 745 4126; x_wconf 80' lang='lat' dir='ltr'>ll</span> <span class='ocrx_word' id='word_1_338' title='bbox 768 4062 800 4112; x_wconf 81' lang='lat' dir='ltr'>tt</span> <span class='ocrx_word' id='word_1_339' title='bbox 816 4058 890 4110; x_wconf 79' lang='lat' dir='ltr'>seclo</span> <span class='ocrx_word' id='word_1_340' title='bbox 913 4061 1001 4111; x_wconf 83' lang='lat' dir='ltr'>secuta</span> <span class='ocrx_word' id='word_1_341' title='bbox 1019 4058 1029 4125; x_wconf 93' lang='grc' dir='ltr'>ΙΙ</span> <span class='ocrx_word' id='word_1_342' title='bbox 1051 4059 1081 4110; x_wconf 80' lang='lat'>2¹</span> <span class='ocrx_word' id='word_1_343' title='bbox 1102 4056 1206 4125; x_wconf 89' lang='lat' dir='ltr'>quoties</span> <span class='ocrx_word' id='word_1_344' title='bbox 1223 4055 1247 4107; x_wconf 83' lang='lat' dir='ltr'><em>L</em></span> <span class='ocrx_word' id='word_1_345' title='bbox 1269 4054 1278 4122; x_wconf 80' lang='lat' dir='ltr'>b</span> <span class='ocrx_word' id='word_1_346' title='bbox 1299 4057 1332 4108; x_wconf 74' lang='lat'>23</span> 
     </span>
     <span class='ocr_line' id='line_1_41' title="bbox 249 4120 1335 4196; baseline -0.009 -11"><span class='ocrx_word' id='word_1_347' title='bbox 249 4130 326 4196; x_wconf 86' lang='lat' dir='ltr'>illud]</span> <span class='ocrx_word' id='word_1_348' title='bbox 342 4129 469 4184; x_wconf 81' lang='lat' dir='ltr'>videlieet</span> <span class='ocrx_word' id='word_1_349' title='bbox 484 4127 614 4180; x_wconf 70' lang='lat' dir='ltr'>nonmw</span> <span class='ocrx_word' id='word_1_350' title='bbox 629 4145 665 4180; x_wconf 75' lang='lat' dir='ltr'>eo·</span> <span class='ocrx_word' id='word_1_351' title='bbox 684 4128 733 4192; x_wconf 76' lang='lat' dir='ltr'>Ol</span> <span class='ocrx_word' id='word_1_352' title='bbox 758 4130 791 4180; x_wconf 77' lang='lat' dir='ltr'>aa</span> <span class='ocrx_word' id='word_1_353' title='bbox 808 4127 880 4179; x_wconf 84' lang='lat' dir='ltr'>illam</span> <span class='ocrx_word' id='word_1_354' title='bbox 902 4126 1012 4179; x_wconf 85' lang='lat' dir='ltr'>eandem</span> <span class='ocrx_word' id='word_1_355' title='bbox 1037 4126 1151 4178; x_wconf 80' lang='lat' dir='ltr'>maulam</span> <span class='ocrx_word' id='word_1_356' title='bbox 1168 4120 1335 4193; x_wconf 74' lang='lat' dir='ltr'>storttegtal</span> 
     </span>
     <span class='ocr_line' id='line_1_42' title="bbox 249 4193 1334 4266; baseline -0.008 -12"><span class='ocrx_word' id='word_1_357' title='bbox 249 4201 283 4254; x_wconf 77' lang='lat' dir='ltr'>²&#39;t</span> <span class='ocrx_word' id='word_1_358' title='bbox 300 4199 425 4254; x_wconf 80' lang='lat' dir='ltr'>semum</span> <span class='ocrx_word' id='word_1_359' title='bbox 437 4195 482 4266; x_wconf 81' lang='lat' dir='ltr'>Oll</span> <span class='ocrx_word' id='word_1_360' title='bbox 495 4197 530 4251; x_wconf 80' lang='lat'>28</span> <span class='ocrx_word' id='word_1_361' title='bbox 547 4211 655 4266; x_wconf 82' lang='lat' dir='ltr'>corpora</span> <span class='ocrx_word' id='word_1_362' title='bbox 672 4195 765 4262; x_wconf 72' lang='lat' dir='ltr'>blito</span> <span class='ocrx_word' id='word_1_363' title='bbox 782 4200 828 4249; x_wconf 87' lang='lat' dir='ltr'>ant</span> <span class='ocrx_word' id='word_1_364' title='bbox 845 4211 897 4249; x_wconf 81' lang='lat' dir='ltr'>osa.</span> <span class='ocrx_word' id='word_1_365' title='bbox 914 4193 1038 4246; x_wconf 77' lang='lat' dir='ltr'>Iletslaiua</span> <span class='ocrx_word' id='word_1_366' title='bbox 1050 4194 1061 4262; x_wconf 75' lang='lat' dir='ltr'>l</span> <span class='ocrx_word' id='word_1_367' title='bbox 1073 4195 1105 4246; x_wconf 80' lang='lat' dir='ltr'>at</span> <span class='ocrx_word' id='word_1_368' title='bbox 1125 4195 1165 4257; x_wconf 82' lang='lat' dir='ltr'>aa]</span> <span class='ocrx_word' id='word_1_369' title='bbox 1185 4197 1229 4246; x_wconf 81' lang='lat' dir='ltr'>ant</span> <span class='ocrx_word' id='word_1_370' title='bbox 1247 4193 1334 4245; x_wconf 71' lang='lat' dir='ltr'>eodem</span> 
     </span>
     <span class='ocr_line' id='line_1_43' title="bbox 252 4261 800 4336; baseline -0.009 -14"><span class='ocrx_word' id='word_1_371' title='bbox 252 4266 483 4336; x_wconf 67' lang='lat' dir='ltr'>Guelferbytanus</span> <span class='ocrx_word' id='word_1_372' title='bbox 497 4265 503 4334; x_wconf 87' lang='grc' dir='ltr'>Ι</span> <span class='ocrx_word' id='word_1_373' title='bbox 516 4261 634 4326; x_wconf 73' lang='lat' dir='ltr'>sortasse</span> <span class='ocrx_word' id='word_1_374' title='bbox 650 4280 683 4319; x_wconf 88' lang='lat' dir='ltr'>ne</span> <span class='ocrx_word' id='word_1_375' title='bbox 701 4265 800 4331; x_wconf 85' lang='lat' dir='ltr'>gemitu</span> 
     </span>
    </p>
   </div>
   <div class='ocr_carea' id='block_1_5' title="bbox 0 0 1714 4934">
    <p class='ocr_par' dir='ltr' id='par_1_12' title="bbox 0 0 1714 4934">
     <span class='ocr_line' id='line_1_44' title="bbox 0 0 1714 4934; baseline 0 0"><span class='ocrx_word' id='word_1_376' title='bbox 0 0 1714 4934; x_wconf 95' lang='lat' dir='ltr'> </span> 
     </span>
    </p>
   </div>
  </div>
 </body>
</html>
