3417 4934
378 479 419 540 76
840 474 995 531 vertetu

379 660 462 723 cunt,
486 650 651 732 epulaeque
673 651 709 713 ad
724 660 875 712 certamen
891 649 1024 730 prolatae
1044 646 1208 710 conciliant
1221 646 1371 711 hilaritate
1387 666 1455 712 con·

343 750 358 799 6
378 737 520 798 cordiam.
539 735 545 819 Ι
565 745 690 799 exsonat
704 754 777 815 ergo
791 735 930 798 cantibus
939 743 1034 796 totum
1047 733 1207 813 navigium,
1218 742 1249 795 et
1263 733 1335 813 qnia
1350 751 1454 815 repen·
1483 805 1485 810 ,

379 823 441 884 tina
456 822 655 901 tranquillitas
670 821 872 883 intermiserat
885 837 1017 892 cursum,
1032 818 1107 882 alins
1119 818 1285 881 exultantes
1298 819 1456 899 quaerebat

378 909 495 970 fuscina
517 908 625 987 pisces,
647 907 722 969 alins
743 907 838 969 hamis
859 903 1083 968 blandientibus
1105 903 1293 967 convellebat
1318 905 1454 986 praodtn

342 1005 357 1054 t
380 1003 608 1073 repugnantem.
639 1011 709 1055 ecce
731 993 820 1054 etiam
841 1010 898 1072 par
919 1000 1090 1052 antemnam
1112 989 1244 1071 pelagiae
1259 989 1481 1054 consederant

379 1078 524 1152 volucres,
547 1096 621 1159 quas
641 1078 731 1140 textis
753 1074 973 1139 harundinibus
995 1076 1110 1156 peritus
1131 1076 1236 1138 artifex
1256 1075 1373 1157 tetigit;
1395 1075 1454 1140 illas

378 1163 495 1226 viscatis
506 1163 634 1243 illigatae
644 1162 806 1225 viminibus
818 1162 1032 1224 deferebantur
1038 1163 1074 1224 ad
1080 1180 1198 1224 manns.
1212 1160 1454 1243 tollebatplumat

381 1267 453 1311 aura
466 1249 632 1323 volitantes,
647 1249 817 1331 pinnasque
832 1266 889 1329 per
902 1247 994 1308 maria
1009 1247 1108 1309 inanis
1122 1264 1227 1327 spuma
1243 1246 1411 1326 torquebat

344 1334 358 1385 8
466 1334 639 1397 iamLichas
649 1334 749 1396 redire
759 1351 876 1396 mecum
888 1331 1454 1414 ingratiamcoeperat,iam'frpphaent

378 1419 486 1481 Gitona
502 1428 635 1482 extrema
649 1428 733 1500 parte
747 1419 881 1499 potionis
895 1417 1063 1498 spargebat,
1084 1436 1153 1480 cum
1169 1416 1338 1496 Eumolpus
1352 1426 1384 1481 et
1396 1420 1455 1500 ipw
1469 1427 1489 1482 tt

377 1505 445 1567 vino
461 1505 578 1568 solutus
600 1504 677 1567 dicta
698 1505 792 1567 voluit
811 1504 842 1566 in
862 1503 960 1565 calvos
980 1503 1198 1584 stigmososque
1213 1503 1348 1580 iaculari,
1363 1503 1454 1568 donec

376 1599 553 1671 consumpta
568 1590 757 1669 frigidissima
775 1588 946 1651 urbanitate
966 1588 1054 1650 rediit
1068 1589 1104 1652 ad
1126 1588 1258 1651 carmina
1273 1606 1331 1651 sua
1345 1592 1453 1672 coepit·

378 1694 438 1756 que
460 1676 636 1756 capillorum
652 1674 835 1756 elegidarion
851 1673 965 1736 dicere:

341 1762 356 1811 9
507 1762 597 1842 ‘quod
613 1760 710 1823 solum
725 1762 837 1822 formae
852 1760 944 1821 decus
959 1769 1013 1831 est,
1029 1757 1165 1820 cecidere
1180 1757 1289 1838 capilli,

546 1856 766 1926 vernantesque
781 1864 882 1908 comas
897 1845 990 1906 tristis
1004 1842 1104 1923 abegit
1119 1842 1245 1923 hiemps.
1469 1853 1489 1906 tt

505 1950 587 1994 nunc
602 1931 709 1995 umbra
725 1931 835 1993 nudata
849 1949 903 1993 sua
919 1930 976 1991 iam
991 1940 1128 2008 tempora
1143 1937 1289 2004 maerent,

548 2034 677 2096 areaque
691 2017 798 2078 attritis
812 2016 891 2077 ridet
905 2014 1005 2076 adulta
1019 2014 1097 2094 pilis.
1199 2027 1201 2031 ·

506 2122 523 2163 o
540 2101 626 2164 fallax
642 2110 747 2163 natura
763 2102 867 2163 deum:
884 2118 960 2181 quac
974 2099 1072 2181 prima
1087 2098 1194 2162 dedisti

548 2186 635 2249 aetati
651 2196 771 2249 nostrae
787 2186 902 2266 gaudia,
918 2185 1014 2266 prima
1028 2183 1126 2265 rapis?

329 2270 356 2321 10
583 2272 706 2347 infelix,
721 2271 811 2334 modo
827 2271 961 2333 crinibus
976 2270 1093 2332 nitebas

580 2357 703 2419 Phoebo
719 2356 873 2438 pulchrior
888 2366 918 2418 et
931 2374 1037 2418 sorore
1053 2355 1174 2417 Phoebi.

579 2451 610 2504 at
624 2461 707 2504 nunc
721 2443 814 2505 levior
828 2460 897 2505 aere
912 2442 959 2503 vel
973 2441 1103 2503 rotundo

579 2528 659 2590 horti
675 2526 791 2603 tubere,
807 2528 888 2608 quod
903 2526 1014 2590 creavit
1028 2525 1116 2599 unda,

579 2614 712 2676 ridentes
726 2614 806 2695 fugis
820 2622 850 2676 et
865 2614 952 2676 times
966 2611 1091 2693 puellas.

579 2707 613 2760 ut
626 2710 754 2762 mortem
769 2700 858 2762 citius
872 2699 974 2760 venire
988 2699 1102 2771 credas,
1470 2699 1493 2756 Ι

579 2784 655 2846 scito
669 2785 728 2848 iam
743 2785 847 2866 capitis
862 2784 976 2864 perisse
990 2779 1126 2864 partem.²

306 2856 370 2927 110
461 2866 547 2945 plura
562 2868 680 2932 volebat
694 2872 841 2951 proferre,
862 2868 962 2943 credo,
985 2878 1016 2930 et
1030 2867 1180 2949 ineptiora
1196 2866 1376 2950 praeteritis,
1390 2883 1455 2930 cun

234 2944 244 2964 '
375 2950 481 3013 ancilla
497 2951 691 3033 Tryphaenae
707 2955 814 3017 Gitona
836 2956 868 3016 in
885 2964 1001 3034 partem
1017 2954 1099 3015 navis
1119 2951 1293 3015 inferiorem
1308 2952 1394 3016 ducit
1406 2971 1455 3015 co·

338 3044 353 3093 2
375 3035 552 3116 cymbiaque
567 3039 706 3102 dominae
721 3040 807 3120 pueri
818 3039 946 3101 adornat
956 3048 1055 3118 caput
1085 3038 1177 3101 immo
1191 3037 1354 3118 supercilia
1369 3037 1453 3101 etian

374 3123 488 3200 profert
502 3121 539 3183 de
554 3124 662 3204 pyxide
681 3127 816 3205 sciteque
837 3126 968 3188 iacturae
989 3125 1169 3186 lineamenta
1188 3133 1292 3185 secuta
1305 3131 1402 3187 totam
1415 3121 1454 3186 illi
1470 3127 1491 3182 1

337 3215 353 3265 3
373 3207 498 3267 formam
514 3226 599 3270 suam
614 3209 750 3272 reddidit.
779 3210 903 3290 agnovit
917 3210 1093 3291 Tryphaena
1115 3226 1218 3272 verum
1232 3207 1353 3283 Gitona,
1368 3209 1453 3272 lacri-

337 3301 352 3351 t
374 3291 489 3371 misquo
504 3294 622 3356 turbata
637 3305 710 3358 tunc
723 3296 854 3377 primum
867 3295 945 3358 bona
957 3296 1015 3359 fide
1025 3312 1121 3377 puero
1132 3294 1247 3356 basium
1263 3293 1356 3360 dedit.
1375 3291 1381 3379 Ι
1400 3303 1482 3376 agol

372 3377 461 3439 etiam
475 3377 500 3440 si
512 3380 677 3459 repositum
687 3382 719 3443 in
732 3382 892 3462 pristinum
904 3382 1042 3444 decorem
1054 3398 1181 3462 puerum
1192 3377 1372 3459 gaudebam,
1388 3380 1451 3444 aba·

371 3461 537 3527 condebant
558 3474 658 3528 tamen
680 3467 868 3547 frequentius
888 3467 1001 3529 vultum
1022 3463 1290 3546 intellegebamque
1315 3483 1366 3527 me
1392 3483 1450 3528 noa

372 3547 517 3610 tralaticia
532 3551 720 3614 deformitate
735 3571 801 3614 esse
817 3553 1002 3631 insignitum,
1024 3570 1112 3632 quem
1128 3550 1258 3631 alloquio
1274 3549 1451 3631 dignumne
1466 3551 1487 3606 ⁸

337 3645 351 3693 5
373 3632 480 3696 Lichas
495 3635 615 3716 quidem
630 3637 775 3699 crederet.
805 3639 858 3700 sed
880 3638 950 3701 huic
971 3638 1107 3701 tristitiae
1121 3637 1225 3698 eadem
1240 3635 1290 3696 illa
1304 3635 1450 3700 succurrit

371 3718 493 3801 ancilla,
516 3731 746 3804 sevocatumque
760 3740 809 3784 me
825 3743 888 3786 nou
911 3725 1011 3787 minus
1026 3723 1137 3786 decoro
1162 3720 1318 3784 exornavit
1331 3721 1449 3805 capilla-

371 3813 491 3951 ξηαπ
513 3804 605 3869 immo
620 3808 856 3872 commendatior
869 3810 969 3873 vultus
984 3808 1101 3882 enituit,
1123 3808 1193 3888 quia
1210 3807 1318 3868 flavum
1334 3825 1448 3891 corym-
1515 3808 1516 3814 ’

392 3891 443 3952 ion
459 3900 523 3952 erat
1515 3887 1516 3902 ¹

378 4113 383 4124 ’
458 4115 470 4164 1
491 4111 622 4165 hilaritate
631 4110 769 4165 concihnm
781 4114 820 4180 lt
840 4112 949 4166 feriebat
957 4113 1061 4164 corticea·
1073 4110 1112 4177 lt
1130 4109 1303 4177 compellebat
1325 4109 1448 4164 naeuus

370 4177 1215 4318 rtet¹1tiitttl⁰ttttl,lftttttthttttl
1239 4181 1270 4231 ¹⁷
1288 4177 1383 4233 '⁶²¹¹'
1396 4177 1470 4264 ¹¹⁸·
