3417 4934
391 485 453 545 230
858 484 1006 539 SENECAE

352 670 368 721 t
543 658 601 719 iam
617 657 747 719 medium
764 675 856 719 curru
871 657 1010 720 Phoebus
1025 657 1165 721 diuiserat
1179 659 1285 724 orbem

545 752 576 804 et
589 744 714 823 propior
730 743 812 804 nocti
827 743 920 805 fessas
935 741 1087 823 quatiebat
1101 744 1234 808 habenas

545 827 668 926 obliquo
682 829 787 890 flexam
802 828 955 891 deducens
970 830 1088 891 tramite
1102 830 1217 913 lucem:

354 911 530 979 ‘alclaudius
559 915 688 976 animam
703 932 805 1013 ’agere
832 914 933 1011 coepit
962 932 1018 975 nec
1043 915 1179 977 invenire
1205 918 1320 981 exitum
1348 928 1469 1000 poterat.

364 1008 455 1061 tum
471 999 637 1061 Mercurius
639 1000 711 1079 ,qui
723 1017 842 1097 semper
857 999 979 1077 ingenio
995 999 1059 1061 eius
1075 1000 1239 1065 delectatus
1254 1013 1343 1079 esset,
1355 1024 1443 1067 unam
1457 1025 1470 1067 ι
1485 1017 1496 1068 t

391 1086 488 1148 tribus
499 1085 601 1147 Parcis
616 1085 732 1147 seducit
747 1094 776 1146 et
792 1086 845 1147 ιιι·
863 1085 955 1164 ‘quid‚
970 1084 1080 1146 femina
1095 1087 1311 1163 crudelissima,
1323 1050 1468 1154 llominen

391 1172 534 1233 miserum
546 1171 682 1251 torqueri
697 1168 830 1251 pateris?
843 1188 901 1231 nec
912 1188 1045 1249 unquam
1058 1172 1179 1234 tamdiu
1192 1175 1345 1237 cruciatus
1360 1174 1468 1239 cesset?

391 1274 489 1318 annus
503 1257 705 1355 sexagesimus
720 1265 844 1336 quartus
859 1264 913 1328 est,
929 1274 965 1316 ιιι
980 1274 1119 1335 quocum
1134 1259 1233 1319 anima
1248 1260 1392 1323 luctatur.
1406 1263 1466 1342 qnid

352 1341 460 1404 thnic
484 1350 515 1404 et
535 1343 578 1403 rei
602 1336 739 1440 publicae
768 1338 908 1403 invides?
935 1349 1037 1421 patere
1059 1343 1286 1408 mathematicos
1316 1346 1466 1427 aliquando

390 1444 493 1489 verum
516 1426 627 1502 dicero,
650 1428 701 1507 qui
717 1427 812 1502 illum,
828 1446 865 1488 ex
881 1445 941 1505 quo
965 1427 1109 1508 princeps
1131 1429 1228 1491 factus
1250 1440 1310 1505 est,
1333 1433 1493 1494 omnibnstt

388 1513 496 1586 annis,
520 1512 660 1574 omnibus
681 1513 837 1575 mensibus
859 1513 999 1574 efferunt.
1029 1521 1060 1573 et
1086 1523 1275 1576 tamennon
1300 1526 1349 1580 est
1371 1519 1464 1579 miron

390 1599 414 1660 si
431 1607 534 1659 errant
549 1605 579 1659 ιι
592 1598 740 1659 horam'
714 1617 778 1660 erus
794 1616 883 1659 nemo
900 1598 999 1673 novit3
1024 1617 1112 1660 nemo
1134 1600 1215 1661 enim
1234 1619 1373 1681 unquam
1394 1604 1463 1665 illnn

390 1692 493 1745 natum
508 1685 632 1763 putavit.
654 1684 702 1745 fac
718 1683 795 1764 quod
813 1684 981 1745 laciendum
998 1692 1056 1744 est:

545 1768 640 1830 “dede
656 1770 733 1841 neci,
749 1768 856 1830 melior
871 1787 960 1830 vacua
977 1770 1043 1830 sine
1057 1779 1166 1849 regnet
1179 1770 1210 1832 in
1227 1769 1336 1832 aula”.'

352 1866 367 1915 3
389 1855 439 1916 scd
465 1853 570 1915 Clotho
593 1860 659 1934 ‘ego
680 1852 876 1915 mehercules’
897 1854 995 1933 inquit
1011 1854 1161 1935 ‘pusillum
1183 1857 1331 1936 temporis
1359 1857 1488 1920 adicerttl

390 1940 432 2001 illi
447 1939 598 2022 volebam,
616 1941 686 2001 dum
704 1940 760 2001 hos
774 1940 932 2020 pauculos,
949 1939 1000 2019 qui
1016 1950 1194 2020 supersunt,
1210 1942 1329 2005 civitate
1344 1941 1462 2006 donaret'

278 2025 280 2030 '
389 2059 434 2072 -
448 2025 646 2087 constituerat
661 2024 742 2086 enim
758 2044 864 2087 omnes
886 2025 1033 2098 Graecos
1049 2025 1149 2088 Gallos
1157 2025 1345 2109 ‚Hispanos
1360 2028 1461 2091 Britan·

391 2130 447 2172 nos
461 2118 579 2190 togatos
597 2110 752 2172 uidere—
764 2112 825 2172 ‘sed
842 2112 984 2190 quoniam
1007 2072 1104 2192 placet
1118 2112 1235 2191 aliquos
1250 2115 1425 2196 peregrinos
1436 2113 1459 2175 in

352 2207 368 2258 t
390 2214 492 2259 semen
513 2196 642 2275 relinqui
666 2204 697 2256 ιι
711 2204 744 2258 ιιι
760 2196 798 2257 ita
821 2195 908 2259 iultcs
927 2196 1002 2269 fieri,
1018 2196 1088 2261 flat'.
1118 2197 1215 2279 aperit
1234 2208 1302 2261 tum
1326 2199 1460 2282 eapsnhn

390 2291 420 2344 et
439 2290 502 2344 tres
523 2283 607 2344 lusos
627 2281 758 2379 profert·
781 2300 861 2343 unus
876 2291 940 2343 erat
960 2282 1115 2381 Augurini,
1138 2282 1213 2345 alter
1227 2283 1341 2361 Babae,
1368 2285 1484 2348 onina

389 2366 516 2430 Claudii.
536 2365 611 2429 ‘'hos
626 2366 726 2446 inquit
741 2373 813 2428 ‘tres
828 2385 891 2428 uno
907 2385 989 2428 anno
1001 2368 1117 2448 exiguis
1131 2369 1296 2433 intervallis
1307 2379 1460 2451 temporum

389 2453 499 2515 divisos
513 2453 590 2514 mori
606 2451 726 2528 iubebo,
743 2471 800 2514 nec
815 2452 899 2513 illum
914 2452 1122 2515 incomitatum
1135 2453 1292 2522 dimittam.
1307 2475 1370 2518 non
1385 2473 1460 2536 opor-

389 2547 433 2600 tet
447 2539 528 2600 enim
552 2556 630 2612 oum,
647 2538 698 2617 qui
714 2539 803 2599 modo
819 2556 851 2599 se
876 2546 921 2598 tot
934 2537 1014 2599 mdia
1038 2538 1195 2601 hominum
1218 2543 1376 2620 sequentia
1394 2539 1460 2602 vide·

389 2624 449 2699 hat,
463 2632 509 2686 tot
522 2623 740 2705 praecedentia,
756 2632 801 2684 tot
812 2623 1001 2699 circumlusa,
1013 2622 1112 2685 subito
1128 2624 1224 2687 solum
1241 2625 1373 2691 destitui.
1399 2643 1459 2688 con·

388 2717 489 2772 tentus
504 2709 561 2771 erit
575 2709 623 2771 his
636 2708 756 2770 interim
773 2707 1015 2771 convictoribus!
1465 2713 1484 2768 a
1510 2719 1516 2733 ·

350 2789 373 2856 4
543 2795 617 2856 haec
633 2794 674 2856 ait
688 2803 719 2855 et
732 2794 812 2874 turpi
828 2794 1009 2855 convolvens
1023 2794 1150 2856 stamina
1165 2794 1233 2857 tuso

544 2878 665 2959 abrupit
680 2879 805 2941 stolidae
820 2879 930 2959 regalia
945 2890 1081 2959 tempora
1095 2880 1182 2941 vitae.
1206 2901 1208 2905 ·

544 2974 574 3025 at
588 2964 728 3027 Lachesis
743 2965 879 3026 redimita
895 2983 1006 3037 comas,
1022 2975 1127 3026 ornata
1142 2964 1279 3046 capillos,

542 3050 639 3111 Pieria
656 3050 770 3111 crinem
787 3050 872 3111 lauro
888 3050 1079 3130 frontemque
1095 3068 1249 3113 coronans
1513 3113 1516 3128 ,

543 3135 669 3196 candida
684 3136 721 3196 de
738 3137 824 3197 niveo
840 3134 1009 3198 subtemina
1024 3136 1132 3197 vellere
1147 3136 1241 3197 sumit
1466 3139 1484 3192 Ι
1513 3131 1516 3159 ⁴

527 3220 622 3282 deliri
637 3221 820 3282 moderanda
836 3239 938 3296 manu,
951 3239 1029 3300 quae
1044 3222 1131 3282 ducta
1147 3220 1283 3284 colorem
1404 3233 1407 3240 '

540 3324 729 3387 assumpsere
747 3325 867 3368 novum.
890 3307 1038 3368 mirantur
1052 3324 1146 3388 pensa
1161 3325 1298 3369 sorores:

543 3401 676 3453 mutatur
689 3391 755 3454 vilis
768 3389 902 3473 pretioso
919 3392 985 3452 lana
1000 3391 1129 3468 metallo,

544 3496 633 3539 aurea
648 3478 781 3540 formoso
797 3479 986 3539 descendunt
999 3477 1115 3540 saecula
1130 3477 1191 3539 illo.

474 3571 503 3623 10
544 3581 602 3624 nec
618 3562 724 3625 modus
739 3572 784 3624 est
798 3563 866 3638 illis,
881 3563 977 3625 felicia
992 3563 1100 3624 vellera
1114 3563 1232 3625 ducunt
1466 3561 1486 3616 Ι

542 3658 574 3709 ιι
587 3648 719 3728 gaudent
732 3649 858 3728 implere
872 3667 990 3723 manus,
1005 3657 1077 3710 sunt
1090 3648 1187 3710 dulcia
1203 3666 1309 3729 pensa.

542 3743 652 3815 sponte
667 3752 721 3795 sua
736 3734 859 3796 festinat
873 3753 950 3815 opus
967 3735 1111 3814 nulloque
1127 3731 1230 3795 labore

542 3816 642 3881 mollia
658 3828 799 3881 contorto
815 3821 1003 3881 descendunt
1016 3819 1142 3882 stamina
1157 3819 1236 3882 fuso.

543 3905 670 3967 vincunt
683 3903 814 3985 Tithoni,
830 3907 955 3967 vincunt
970 3914 1001 3965 ct
1011 3903 1146 3967 Nestoris
1159 3922 1270 3967 annos.
1305 3905 1308 3914 “

544 3990 683 4052 Phoebus
699 3991 781 4051 adest
796 4001 947 4070 cantuque
962 3991 1043 4052 iuuat
1056 3990 1228 4069 gaudetque
1242 3989 1355 4054 tuturis
1465 3985 1486 4042 Ι

545 4083 576 4137 ιι
589 4076 684 4137 laetus
700 4094 782 4138 nunc
797 4076 910 4157 plectra
925 4085 1034 4151 movet,
1049 4093 1132 4137 nunc
1147 4093 1243 4157 ponsa
1259 4075 1416 4172 minimi-

477 4209 642 4262 lornciatns
660 4213 745 4261 esset.
764 4208 834 4261 exiet
852 4208 992 4276 Hamus!
1008 4211 1040 4263 14
1060 4209 1141 4275 γης.
1156 4223 1258 4276 georg
1276 4205 1459 4280 Mum!

385 4278 514 4334 Wclrla'ua
523 4278 536 4350 ΙΙ
549 4279 583 4335 28
603 4292 693 4333 comes
