3417 4934
768 470 917 529 olemus·

400 748 465 810 Hoc
480 758 644 827 sceptrum,
659 748 739 827 quod
755 747 792 809 ab
808 747 916 811 arbore
931 757 965 810 ut
978 750 1106 813 recisum
1124 760 1194 828 est,

400 833 482 905 nulla
497 834 555 894 iam
569 834 682 913 poterit
697 834 793 894 virere
808 834 926 917 fronde,

399 926 562 999 sceptrum,
578 917 659 997 quod
674 918 808 999 pathicae
824 927 934 999 petunt
945 920 1072 1000 puellae,

400 1003 480 1084 quod
496 1004 616 1083 quidam
632 1004 760 1085 cupiunt
772 1010 878 1065 tenere
892 1023 988 1085 reges,

396 1089 446 1151 cui
461 1088 535 1150 dant
550 1089 649 1151 oscula
666 1089 783 1151 nobiles
797 1088 964 1164 cinaedi,··
1070 1112 1072 1115 ’
1185 1114 1189 1140 2

400 1175 479 1236 intra
493 1174 607 1236 viscera
621 1175 697 1237 luris
712 1174 768 1236 ibit
780 1192 878 1253 usque

399 1259 434 1321 ad
450 1258 562 1341 pubem
577 1259 777 1341 capulumque
792 1261 956 1321 coleorum.

776 1446 778 1450 ν
790 1410 882 1473 XXVI

397 1514 492 1576 Porro
508 1549 551 1559 —
565 1532 634 1576 nam
645 1512 789 1594 ¹quis'enit
803 1514 933 1579 modus?
946 1552 989 1563 -
1004 1516 1147 1592 Quirites,

396 1609 448 1662 aut
462 1599 624 1680 praecidite
638 1599 782 1673 seminale
797 1600 976 1676 membrum,

398 1686 477 1766 quod
493 1685 563 1747 totis
578 1685 650 1747 mihi
668 1683 807 1748 noctibus
822 1686 948 1767 fatigant

348 1801 350 1804 v
397 1770 511 1833 vicinae
527 1770 593 1834 siue
607 1771 669 1832 flue
684 1770 857 1851 prurientes

396 1856 497 1918 vernis
512 1854 683 1935 passeribus
698 1856 867 1929 salaciores,

396 1948 596 2021 autrumpar,
612 1959 668 2003 nec
684 1940 829 2004 habebitis
844 1942 996 2021 Priapum.

396 2026 454 2107 ipsi
469 2026 602 2099 cernitis,
619 2026 763 2089 effotutus
779 2036 812 2089 ut
826 2027 884 2089 sim

397 2111 611 2191 contectusque
627 2130 786 2191 macerque
801 2112 999 2192 pallidusque,

397 2197 449 2277 qui
465 2197 617 2277 quondam
632 2196 772 2264 ruberet
784 2198 887 2259 valens
902 2197 1033 2264 solebam
1056 2217 1058 2219 ’

396 2282 480 2344 lures
495 2282 619 2344 caedere
636 2281 798 2361 quamlibet
812 2283 956 2345 valentes.
1011 2333 1013 2336 .

395 2368 505 2430 defecit
519 2368 594 2430 latus
611 2376 640 2429 et
654 2367 854 2448 periculosam

396 2472 464 2516 cum
479 2454 552 2516 tussi
568 2454 660 2515 miser
675 2472 774 2533 expuo
789 2453 919 2522 salivam.

394 2708 523 2771 Deliciae
538 2708 653 2789 populi,
667 2725 777 2786 magno
793 2706 948 2768 notissima
962 2706 1043 2768 circo

439 2793 571 2868 Quintia,
586 2792 716 2855 vibratas
731 2793 818 2853 docta
833 2810 954 2853 movere
971 2800 1064 2865 nates,

395 2878 529 2960 cymbala
544 2897 612 2940 cum
628 2878 755 2950 crotalis,
772 2877 938 2958 pruriginis
949 2895 1040 2951 arma,
1055 2875 1164 2955 Priapo

437 2964 524 3045 ponit
539 2972 569 3025 et
583 2961 710 3024 adducta
725 2972 867 3044 tympana
882 2962 967 3043 pulsa
982 2979 1083 3024 manu.

392 3068 449 3129 pro
466 3049 585 3129 quibus,
602 3057 635 3109 ut
649 3065 769 3130 semper
783 3047 898 3128 placeat
912 3045 1127 3128 spectantibus,
1143 3057 1218 3123 orat,

437 3143 580 3212 tantaque
596 3133 632 3195 ad
648 3134 816 3212 exemplum
832 3132 871 3194 sit
885 3151 939 3194 sua
953 3133 1041 3194 turba
1055 3132 1115 3194 dei.

703 3265 708 3272 ’
773 3266 893 3329 xxvnl

393 3370 449 3444 Tu,
466 3370 516 3450 qui
533 3389 594 3431 non
610 3370 689 3432 bene
705 3370 815 3451 cogitas
831 3378 862 3430 et
877 3387 966 3450 aegre

393 3454 546 3536 carpendo
560 3455 614 3516 tibi
629 3464 779 3536 temperas
793 3454 829 3516 ab
846 3455 945 3528 horto,

390 3540 570 3623 pedicabere
585 3542 701 3604 fascino
717 3542 824 3621 pedali.

391 3626 472 3708 quod
488 3626 513 3689 si
528 3634 587 3687 tam
604 3627 702 3707 gravis
716 3635 746 3688 ct
759 3627 886 3688 molesta
902 3642 1000 3706 poena

332 3724 347 3773 5
392 3732 453 3775 non
470 3712 643 3794 profecerit,
658 3713 762 3775 altiora
776 3721 908 3791 tangam.

764 3863 899 3926 xxvllll

393 3967 550 4038 Obscenis,
566 3985 697 4047 peream,
713 3967 830 4047 Priape,
846 3966 872 4027 si
889 3984 951 4027 non

291 4120 298 4136 ,Ι
392 4055 436 4116 uti
451 4071 499 4114 me
513 4054 607 4133 pudet
621 4051 827 4132 improbisque
842 4050 952 4116 verbis.

375 4156 589 4241 xxv-sarbota
607 4191 648 4238 est
670 4184 779 4237 recisum
793 4184 803 4251 fl
817 4182 899 4236 xxvl
917 4186 934 4237 9
950 4181 1069 4245 sortasse
1086 4186 1114 4236 et
1135 4183 1221 4249 rigens
1233 4182 1244 4250 Ι
1254 4172 1340 4233 XXlll

285 4260 304 4308 2
320 4256 448 4324 improbis
465 4253 606 4322 probisque
623 4252 666 4305 ool
681 4252 833 4321 probrisque
