3417 4934
805 499 959 555 vernoun

874 633 892 667 ἥ

300 753 314 802 5
495 771 558 815 non
574 755 650 818 bibit
665 757 745 819 inter
761 777 852 840 aquas
867 778 957 841 poma
972 768 1023 820 aut
1037 757 1200 839 pendentia
1215 758 1309 839 carpit

547 840 689 905 Tantalus
704 844 818 921 infelix,
833 864 924 925 quem
939 863 992 907 sua
1009 852 1074 905 vota
1089 853 1240 924 premunt.

495 922 592 991 divitis
607 929 682 991 baec
697 931 799 1010 magni
813 931 904 993 facies
919 931 987 1003 erit,
1003 930 1103 992 omnia
1118 948 1247 993 cernens

548 1015 600 1095 qui
614 1016 701 1078 timet
715 1025 744 1079 et
758 1016 838 1079 sicco
854 1016 1017 1096 concoquit
1032 1034 1085 1078 ore
1100 1016 1217 1077 famem.

776 1136 982 1147 ι--ι--ι

302 1184 317 1234 6
425 1198 488 1242 non
511 1185 640 1249 multum
662 1195 782 1268 oportet
811 1187 936 1251 consilio
966 1186 1106 1264 credere,
1135 1186 1204 1266 quia
1226 1204 1309 1249 snam
1331 1183 1417 1247 babet
1438 1191 1449 1246 1·

340 1260 461 1327 fortuna
477 1269 625 1335 rationem

876 1380 893 1418 t

289 1426 332 1498 83
427 1437 459 1501 in
476 1440 702 1521 pinacothecam
718 1444 841 1523 perveni
852 1444 934 1506 vario
946 1462 1056 1524 genere
1067 1444 1234 1506 tabularum
1247 1441 1417 1506 mirabilem.
1463 1445 1466 1478 ⁴

343 1540 411 1584 nam
434 1536 465 1587 et
484 1527 631 1591 Zeuxidos
653 1545 761 1592 manus
780 1528 837 1590 vidi
861 1531 994 1592 nondum
1017 1530 1170 1592 vetustatis
1191 1528 1300 1591 iniuria
1322 1527 1420 1600 victas,

342 1618 372 1670 et
387 1610 566 1693 Protogenis
588 1615 758 1677 rudimenta
781 1633 849 1677 cum
871 1616 965 1696 ipsius
988 1624 1113 1678 naturae
1132 1615 1255 1676 veritate
1278 1612 1419 1675 certantia

304 1703 318 1755 2
342 1714 403 1758 non
416 1698 482 1761 sinc
494 1701 622 1780 quodam
633 1700 759 1762 horrore
770 1703 903 1763 tractavi.
937 1702 995 1763 iam
1008 1720 1078 1763 vero
1089 1700 1203 1781 Apellis
1215 1716 1305 1778 quam
1317 1697 1419 1761 Graeci
1441 1705 1457 1759 1

341 1788 553 1873 μονόκνημον
577 1786 741 1868 appellant,
772 1786 859 1848 etiam
882 1786 1010 1849 adoravi.
1053 1795 1134 1848 tanta
1157 1785 1237 1847 enim
1260 1783 1420 1847 subtilitate

343 1873 545 1936 extremitates
560 1872 722 1953 imaginum
740 1881 826 1933 erant
841 1871 877 1934 ad
892 1872 1114 1935 similitudinem
1131 1870 1290 1952 praecisae,
1308 1878 1341 1932 ut
1355 1887 1419 1932 cre·

305 1961 320 2012 3
342 1952 428 2017 deres
443 1957 531 2019 etiam
548 1959 716 2019 animorum
736 1976 801 2021 esse
822 1958 981 2038 picturam.
1013 1959 1084 2020 hinc
1098 1956 1196 2037 aquila
1211 1955 1327 2018 lerebat
1340 1954 1419 2018 caelo

344 2040 616 2119 sublimisldaeum‚
628 2042 865 2105 illinccandidus
875 2042 964 2125 Hylas
975 2043 1136 2124 repellebat
1146 2040 1312 2122 improbam
1323 2041 1420 2103 Naida.

343 2127 503 2190 damnabat
517 2129 624 2210 Apollo
646 2127 748 2191 noxias
768 2146 876 2191 manus
898 2130 1053 2210 lyramque
1072 2128 1233 2191 resolutam
1248 2128 1337 2189 modo
1353 2136 1460 2190 1111111

306 2221 320 2270 4
344 2212 416 2275 llore
427 2214 603 2277 honorabat.
627 2214 705 2275 inter
716 2230 792 2294 quos
804 2215 892 2276 otiam
907 2215 1056 2296 pictorum
1068 2214 1230 2276 amantium
1242 2213 1342 2277 vultus
1356 2222 1420 2275 tan·

342 2317 431 2380 quam
444 2301 475 2362 in
488 2300 648 2363 solitudine
660 2300 831 2361 exclamavi:
849 2306 931 2381 ‘ergo
944 2318 1030 2363 amor
1041 2301 1129 2362 etiam
1142 2301 1213 2361 deos
1224 2300 1328 2378 tangit.
1353 2298 1422 2379 lup·

343 2385 422 2466 piter
436 2386 469 2449 in
484 2387 565 2449 caelo
581 2405 636 2449 suo
653 2404 714 2447 non
734 2385 848 2448 invenit
864 2386 943 2467 qnod
959 2386 1109 2466 diligeret,
1130 2385 1183 2447 sed
1198 2394 1378 2465 peccaturus
1393 2386 1421 2445 in

307 2480 321 2529 u
343 2473 432 2535 terris
447 2473 560 2535 nemini
572 2481 670 2533 tamen
684 2471 823 2533 iniuriam
837 2472 917 2534 lecit.
939 2472 1034 2553 Hylan
1047 2471 1183 2553 Nympha
1197 2469 1336 2550 praedata
1347 2477 1423 2531 tem·
1463 2537 1466 2542 ,

343 2570 478 2639 perasset
491 2559 584 2621 amori
599 2576 665 2632 suo,
680 2558 706 2619 si
721 2567 880 2619 venturum
895 2557 930 2618 ad
947 2558 1139 2620 interdictum
1152 2555 1310 2617 llerculem
1327 2553 1422 2617 credi·
1440 2562 1464 2616 ut

344 2645 443 2708 disset.
466 2646 573 2727 Apollo
584 2645 670 2725 pueri
679 2643 814 2704 umbram
825 2644 974 2705 revocavit
983 2644 1013 2704 in
1024 2643 1138 2716 florem,
1151 2652 1180 2702 et
1192 2659 1297 2703 omnes
1306 2639 1423 2703 fabulae

305 2738 320 2787 6
343 2749 464 2812 quoque
478 2732 544 2794 sine
560 2731 677 2792 aemulo
693 2728 865 2790 babuerunt
879 2729 1062 2809 complexus.
1089 2735 1120 2789 at
1134 2745 1189 2807 ego
1205 2727 1236 2788 in
1251 2727 1424 2789 societatem

344 2819 444 2898 recepi
459 2817 608 2898 hospitem
624 2815 761 2895 Lycurgo
778 2812 996 2876 crudeliorem'.

304 2911 319 2959 1
429 2911 618 2975 caecantem,
629 2918 685 2979 ego
696 2901 767 2960 dum
780 2916 848 2961 cnm
860 2900 956 2961 ventis
966 2898 1059 2977 litigo,
1071 2896 1425 2977 intravitpinacothecam

344 3004 435 3049 senex
447 3006 549 3062 canus,
560 2985 711 3048 exercitati
720 2984 818 3047 vultus
827 2992 858 3046 et
868 2985 919 3064 qui
928 2985 1079 3046 videretur
1088 2984 1191 3045 nescio
1201 2982 1272 3062 quid
1281 3000 1423 3063 magnum
1442 2991 1466 3043 11

344 3074 530 3152 promittere,
546 3072 598 3134 sed
613 3071 696 3133 cultu
711 3088 775 3131 non
791 3070 918 3150 proinde
933 3069 1099 3151 speciosus,
1120 3079 1153 3131 ut
1167 3068 1253 3129 facile
1266 3076 1425 3150 appareret

307 3165 322 3215 8
345 3175 413 3219 eum
428 3176 466 3219 uc
481 3159 536 3219 bac
552 3164 622 3219 nota
644 3156 808 3218 litteratum
830 3174 905 3232 esse,
928 3174 1004 3235 quos
1019 3155 1117 3218 odisse
1139 3154 1242 3216 divites
1257 3154 1366 3218 solent.
1402 3154 1426 3215 is

345 3259 417 3323 ergo
434 3244 469 3304 ad
485 3244 561 3305 latus
576 3241 710 3304 constitit
724 3259 824 3303 meum

877 3348 894 3386 *

432 3412 509 3493 ‘ego’
530 3414 627 3494 inquit
648 3412 746 3494 ‘poeta
757 3432 824 3475 sum
840 3423 870 3474 et
884 3419 919 3474 ut
932 3430 1032 3492 spero,
1049 3431 1111 3473 non
1122 3410 1278 3475 humillimi
1294 3408 1427 3492 spiritus,

294 3543 297 3550 -
347 3500 372 3561 si
386 3497 476 3560 modo
492 3499 613 3561 coronis
627 3498 738 3579 aliquid
753 3498 937 3560 credendum
960 3506 1019 3571 est,
1041 3515 1115 3577 quas
1136 3497 1223 3559 etiam
1245 3496 1281 3557 ad
1296 3494 1427 3557 immeri-
1446 3503 1467 3555 u

309 3593 325 3643 9
346 3595 393 3649 tos
408 3584 526 3645 deferre
541 3585 633 3665 gratia
649 3584 736 3647 solet.
771 3586 883 3664 “quare
898 3580 989 3663 ergo'’
1005 3583 1105 3662 inquis
1121 3585 1199 3643 “tam
1214 3582 1290 3643 male
1305 3582 1428 3643 vestitus

349 3667 437 3818 esl''r
453 3681 578 3816 pqopter
593 3671 651 3731 boc
665 3669 773 3750 ipsum.
812 3688 896 3731 amor
911 3669 1024 3750 ingenii
1041 3668 1191 3730 neminem
1207 3685 1340 3748 unquam
1354 3666 1428 3728 divi·

299 3851 326 3900 tc
348 3770 408 3820 tem
436 3774 482 3818 ω
497 3801 510 3924 ,1
530 3842 580 3920 qui
596 3841 702 3920 pelago
719 3840 822 3915 credit,
839 3858 949 3920 magno
963 3859 996 3902 se
1011 3840 1133 3901 faenore
1147 3839 1239 3913 tollit;
1439 3850 1467 3904 bt

349 3961 552 3971 ——---—-—

439 4016 449 4063 1
470 4013 521 4063 hcc
538 4010 714 4061 tetrastichon
723 4013 787 4073 post
795 4025 825 4074 p.
840 4011 880 4073 tt,
893 4011 908 4060 3
926 4014 989 4060 unta
998 4026 1027 4075 p.
1040 4011 1081 4072 11,
1094 4010 1128 4061 31
1141 4010 1203 4060 olim
1216 4009 1303 4059 locum
1316 4005 1431 4075 11111111

352 4081 367 4131 3
386 4080 471 4132 omnin
490 4079 543 4131 late
560 4078 605 4147 qui
624 4081 696 4130 tenet
713 4076 877 4143 Fulgentius
889 4080 1115 4144 quauprohurum
1133 4077 1228 4128 circum
1242 4092 1295 4144 pro
1314 4076 1366 4128 late
1382 4092 1429 4142 po·

352 4162 426 4200 usus.
444 4149 529 4200 omnia
551 4161 645 4200 cenans
661 4145 717 4198 Leo
729 4144 740 4213 1
754 4148 784 4200 11
803 4161 985 4198 monocremon
999 4146 1009 4213 1
1025 4147 1054 4198 13
1072 4144 1189 4206 fortasse
1206 4145 1247 4196 bic
1265 4143 1430 4211 1111111114

353 4215 498 4284 1111111118
517 4216 624 4282 eligeret
641 4214 690 4282 111
721 4217 752 4269 19
771 4215 990 4281 1111111111111
1008 4216 1151 4266 habuerunt
1169 4214 1225 4265 sine
1244 4213 1349 4264 aemulo
1364 4228 1431 4279 pars

352 4284 507 4352 1111111111
521 4285 553 4336 11
571 4286 731 4338 literatorum
749 4282 841 4335 111111
855 4282 911 4350 130
929 4282 1062 4349 imperitos
