3417 4934
384 494 424 562 td
847 491 1005 548 ruunouu

351 758 365 807 7
471 745 475 831 Ι
496 749 606 829 ‘itaque
621 750 679 812 boc
691 750 813 813 nomine
827 750 883 813 tibi
892 686 1002 829 gmtias
1013 768 1079 829 ago,
1096 751 1174 830 quod
1188 768 1236 812 me
1247 747 1479 816 Somadmfllel

387 832 494 981 plauffiirts.
540 853 603 897 non
624 844 685 898 tam
707 834 836 899 intactus
855 836 1023 899 Alcibiades
1044 836 1076 897 in
1097 835 1308 916 praeceptoris
1325 834 1373 898 sui
1392 834 1455 898 leco

919 1026 937 1065 ὴ

319 1082 384 1153 129
476 1089 575 1152 ‘crede
589 1090 672 1166 mibi,
694 1091 794 1164 frater,
816 1110 880 1154 non
895 1091 1037 1171 intellego
1051 1090 1211 1152 merirum
1227 1109 1304 1163 esse,
1324 1108 1387 1153 non
1401 1107 1457 1153 sen·

387 1174 440 1236 tio.
469 1176 605 1237 funerata
620 1185 665 1238 est
680 1176 729 1239 illa
744 1195 813 1258 pars
829 1178 975 1257 corporis,
991 1194 1049 1257 qna
1064 1176 1215 1256 quondam
1230 1175 1362 1240 Achilles
1380 1171 1480 1240 erun’t

920 1284 937 1317 *

353 1353 367 1403 2
474 1345 585 1409 veritus
587 1364 686 1445 puer,
707 1366 746 1408 ne
766 1347 798 1408 in
820 1358 936 1410 secreto
953 1348 1157 1427 deprehensus
1177 1345 1262 1408 daret
1281 1344 1460 1408 sermonibus

388 1430 498 1508 locum,
513 1431 663 1512 proripuit
677 1451 709 1495 se
724 1440 754 1494 et
769 1432 800 1493 in
816 1441 932 1513 partem
947 1432 1088 1495 aedium
1080 1431 1255 1496 interiorem
1270 1431 1349 1511 fugit

920 1539 937 1575 t

353 1610 368 1658 3
477 1598 665 1684 leubiculum
681 1611 780 1664 autem
795 1619 895 1663 meum
904 1602 1045 1683 Chrysis
1037 1602 1158 1663 intrarit
1171 1601 1387 1699 codicillosque
1397 1597 1458 1662 mibi
1469 1603 1507 1696 Νι

389 1684 528 1747 dominae
542 1704 613 1747 suae
628 1686 793 1758 reddidit'
785 1707 816 1748 ιιι
840 1687 950 1767 quibus
965 1687 1037 1749 baec
1057 1696 1144 1748 erant
1163 1687 1286 1768 scripta.
1302 1684 1399 1750 ‘Circe
1412 1683 1507 1748 Po·

354 1770 497 1851 llyaeno
527 1769 661 1832 salutem.
706 1772 733 1834 si
753 1771 910 1835 libidinosa
933 1791 1039 1857 essem,
1061 1780 1204 1851 quererer
1225 1772 1368 1851 decepta;
1390 1779 1494 1833 uuuctt

390 1856 480 1918 etium
495 1856 635 1936 languori
648 1866 701 1919 tuo
716 1858 825 1936 gratias
839 1876 906 1937 ago.
939 1859 970 1919 in
987 1818 1092 1921 uun'bra
1106 1856 1265 1937 voluptatis
1279 1856 1393 1920 diutius
1404 1853 1462 1919 lno'.

355 1950 370 1999 5
392 1941 464 2021 quid
478 1951 579 2003 umen
596 1960 674 2022 agas,
691 1961 813 2021 quaero,
829 1951 860 2004 et
874 1962 912 2006 an
927 1945 986 2005 tuis
1000 1942 1127 2023 pedibus
1141 1942 1315 2023 perveneris
1333 1943 1461 2013 domuuu

352 2035 370 2084 ,6
392 2035 505 2107 negant
519 2026 600 2088 enim
615 2026 761 2089 medici
738 2048 803 2090 sune
819 2029 918 2092 nervis
932 2029 1070 2091 bomines
1084 2027 1236 2090 ambulare
1257 2046 1358 2108 posse.
1403 2042 1463 2090 nur·

390 2111 463 2174 rabo
475 2111 539 2188 tibi,
555 2112 739 2188 adulescens,
756 2114 905 2194 paralysin
921 2133 1000 2180 cave.
1031 2131 1184 2194 nunquam
1201 2130 1257 2192 ego
1272 2130 1397 2193 aegrum
1411 2121 1464 2173 taur

355 2208 369 2257 τ
391 2216 501 2278 magno
516 2198 651 2278 periculo
670 2199 746 2274 ridi3
769 2198 884 2262 medius
905 2200 993 2261 lidius
1014 2199 1071 2260 iam
1094 2199 1206 2280 peristi.
1243 2200 1325 2277 quod
1345 2197 1373 2261 si
1392 2196 1496 2260 idemlt

390 2284 485 2364 frigus
496 2301 594 2363 genua
606 2302 773 2363 manusque
784 2286 975 2365 temptauerit
985 2294 1059 2363 tuas,
1073 2284 1142 2346 licet
1153 2282 1190 2345 ad
1201 2283 1352 2346 tubicines
1362 2282 1464 2345 mittun.
1497 2299 1501 2314 ·

356 2378 371 2428 8
393 2368 464 2448 quid
479 2386 551 2449 ergo
568 2367 634 2431 est‘l
655 2370 783 2432 etiamsi
802 2388 921 2448 gravem
941 2370 1078 2432 iniuriam
1103 2369 1213 2449 accepi,
1235 2368 1351 2430 homini
1372 2376 1464 2430 tamen

390 2455 499 2517 misero
516 2473 578 2516 non
594 2454 712 2517 invideo
728 2455 915 2517 medicinam.
939 2457 965 2518 si
978 2457 1021 2517 ris
1036 2474 1128 2517 sanus
1144 2472 1217 2529 esse,
1234 2453 1375 2518 Gitonem
1391 2470 1465 2532 roga.

392 2540 528 2621 recipies,
550 2541 683 2619 inquam,
706 2560 813 2604 nervos
834 2551 913 2617 tuos,
935 2542 961 2604 si
982 2541 1082 2603 triduo
1103 2541 1169 2602 sine
1190 2540 1282 2601 lratre
1304 2537 1466 2602 dormieris

356 2634 372 2683 9
395 2642 462 2686 nam
479 2625 559 2705 quod
573 2626 610 2688 ad
625 2645 673 2689 me
688 2627 802 2703 attinet,
825 2647 886 2688 non
903 2627 1003 2702 timeo,
1026 2645 1064 2688 ne
1086 2626 1154 2705 quis
1168 2625 1338 2687 inveniatur
1352 2624 1403 2688 cui
1417 2622 1501 2686 nui-u

392 2729 453 2772 nus
472 2710 614 2819 placeam.
653 2731 710 2774 nec
730 2713 886 2793 speculum
908 2713 981 2775 mibi
1004 2731 1062 2774 nec
1075 2713 1153 2773 lama
1168 2710 1322 2772 mentitur.
1359 2706 1467 2785 ralcsi

394 2803 489 2874 potes.

344 2891 373 2941 10
479 2888 513 2941 ut
527 2880 672 2942 intellexit
682 2880 800 2961 Chrysis
814 2882 978 2962 perlegisse
992 2898 1040 2942 me
1052 2890 1148 2943 totum
1164 2879 1341 2954 convicium,
1357 2874 1469 2943 ‘solent’

393 2965 493 3044 inquit
513 2964 597 3026 ‘baec
616 2965 691 3039 lieri,
714 2975 744 3028 et
764 2966 925 3047 praecipue
940 2967 971 3027 in
988 2966 1043 3028 bac
1057 2966 1183 3038 civitate,
1206 2966 1313 3044 inqua
1332 2965 1469 3028 mulieres

344 3059 372 3110 11
394 3049 483 3111 etiam
503 3049 604 3111 lunam
626 3049 779 3113 deducunt
798 3077 817 3112 s
842 3052 942 3131 itaque
962 3052 1051 3113 buius
1071 3070 1192 3131 quoque
1210 3050 1254 3112 rei
1269 3068 1342 3112 cura
1357 3054 1504 3131 agotum

394 3133 526 3195 rescribe
547 3133 635 3196 modo
655 3134 794 3199 blandius
815 3137 954 3199 dominae
973 3137 1166 3216 animumque
1188 3136 1252 3198 eius
1272 3135 1401 3198 candida
1418 3135 1470 3197 bu·

394 3220 536 3281 maritate
551 3220 683 3283 restitue.
720 3239 823 3284 verum
839 3222 918 3283 enim
941 3221 1094 3284 latendum
1118 3230 1177 3284 est·
1201 3240 1237 3283 ex
1257 3238 1315 3301 qua
1335 3220 1438 3283 bora
1429 3239 1470 3281 ιιι-

344 3316 372 3366 12
395 3304 500 3366 iuriam
516 3306 640 3386 accepit,
656 3307 735 3388 apud
751 3325 783 3371 se
799 3327 860 3369 non
878 3304 942 3369 est’
971 3306 1100 3369 libenter
1115 3306 1234 3386 quidem
1250 3325 1336 3386 parur
1326 3305 1472 3368 ancillae

326 3386 546 3471 130verbaque
561 3392 704 3455 codicillis
718 3393 809 3454 talia
801 3394 947 3474 imposui:
963 3392 1139 3473 ‘Polyaenos
1154 3391 1256 3454 Circae
1271 3391 1406 3453 sulutem
1431 3391 1471 3452 la·

395 3485 461 3538 teor
475 3494 534 3574 me,
556 3477 687 3553 domina,
708 3496 797 3559 saepe
818 3495 973 3559 peccasse;
998 3496 1066 3539 nam
1087 3486 1117 3539 et
1137 3477 1227 3538 homo
1243 3495 1310 3539 snm
1326 3485 1357 3539 et
1379 3476 1507 3538 adbuctt

395 3562 520 3624 invenis.
557 3580 711 3642 nunquam
728 3572 827 3625 tamen
843 3573 913 3627 ante
927 3564 1011 3626 bunc
1026 3563 1103 3625 diem
1119 3579 1214 3641 usqne
1229 3562 1265 3623 ad
1281 3569 1409 3624 mortem
1424 3561 1472 3623 de·

360 3647 478 3727 aliqui.
513 3647 606 3709 habes
621 3649 814 3711 confluentem
828 3668 930 3716 reum:
952 3648 1094 3728 quicquid
1110 3647 1240 3722 iusseris,
1261 3648 1369 3709 merui.
1405 3665 1473 3727 pro·

395 3733 539 3795 ditionem
559 3733 625 3810 leci,
648 3734 799 3796 bominem
821 3735 927 3812 occidi,
949 3734 1093 3815 templum
1114 3732 1234 3795 violari:
1258 3732 1289 3794 in
1308 3734 1384 3794 baec
1405 3730 1474 3793 laci·

359 3830 375 3880 3
397 3836 472 3880 nora
488 3836 597 3899 quaere
611 3818 802 3900 supplicium.
832 3821 893 3883 sire
908 3819 1044 3882 occidere
1058 3819 1166 3900 placet,
1186 3819 1267 3880 lerro
1287 3836 1357 3880 meo
1378 3817 1473 3888 venio,

361 3904 457 3966 tsine
482 3902 657 3967 verberibus
678 3913 819 3967 contenta
841 3924 883 3981 es,
906 3924 997 3968 cnrro
1019 3905 1118 3966 nudus
1140 3902 1176 3965 ad
1198 3903 1362 3965 dominam.
1405 3902 1508 3964 idedu

482 4063 494 4111 l
510 4059 691 4123 proconissum
709 4054 788 4108 Giton
805 4054 838 4108 ad
856 4056 998 4124 Encolpion
1021 4056 1032 4123 l
1053 4058 1070 4109 4
1089 4057 1268 4122 praenumerata
1285 4051 1430 4122 Encolpius
1446 4050 1476 4105 ed

397 4122 516 4177 Gitonem
529 4123 569 4193 19
580 4124 659 4178 dirce
677 4124 812 4194 Polyaeno
831 4124 879 4178 ml.
897 4140 949 4179 om.
967 4123 1013 4192 bl
1028 4127 1059 4179 lb
1077 4072 1155 4176 lidius
1172 4123 1243 4175 dolet
1260 4069 1459 4175 PTbomoal
1415 4119 1478 4243 ’,Μ

396 4196 525 4260 campan
537 4194 669 4248 librorum
681 4192 736 4265 131
749 4192 872 4261 bench!
886 4190 1367 4263 ³2¹1nqnamposthabesadounceo
1381 4190 1403 4242 θ

395 4262 554 4329 inmolato·
563 4260 575 4332 Ι
588 4264 623 4316 34
639 4277 697 4318 cnm
715 4262 784 4316 lerro
801 4264 906 4314 conieci
