<?xml version="1.0" encoding="UTF-8"?>
<!DOCTYPE html PUBLIC "-//W3C//DTD XHTML 1.0 Transitional//EN"
    "http://www.w3.org/TR/xhtml1/DTD/xhtml1-transitional.dtd">
<html xmlns="http://www.w3.org/1999/xhtml" xml:lang="en" lang="en">
 <head>
  <title>
</title>
<meta http-equiv="Content-Type" content="text/html;charset=utf-8" />
  <meta name='ocr-system' content='tesseract 3.04.00' />
  <meta name='ocr-capabilities' content='ocr_page ocr_carea ocr_par ocr_line ocrx_word'/>
</head>
<body>
  <div class='ocr_page' id='page_1' title='image "./petroniisaturae00varrgoog_0161.png"; bbox 0 0 3417 4934; ppageno 0'>
   <div class='ocr_carea' id='block_1_1' title="bbox 656 460 799 514">
    <p class='ocr_par' dir='ltr' id='par_1_1' title="bbox 656 460 799 514">
     <span class='ocr_line' id='line_1_1' title="bbox 656 460 799 514; baseline 0 0"><span class='ocrx_word' id='word_1_1' title='bbox 656 460 799 514; x_wconf 78' lang='lat' dir='ltr'><strong>emersa</strong></span> 
     </span>
    </p>
   </div>
   <div class='ocr_carea' id='block_1_2' title="bbox 291 630 890 1056">
    <p class='ocr_par' dir='ltr' id='par_1_2' title="bbox 291 630 890 1056">
     <span class='ocr_line' id='line_1_2' title="bbox 293 630 765 710; baseline 0.008 -18"><span class='ocrx_word' id='word_1_2' title='bbox 293 648 350 710; x_wconf 87' lang='lat' dir='ltr'><strong>qua</strong></span> <span class='ocrx_word' id='word_1_3' title='bbox 364 630 442 692; x_wconf 84' lang='lat' dir='ltr'><strong>salva</strong></span> <span class='ocrx_word' id='word_1_4' title='bbox 458 631 523 694; x_wconf 86' lang='lat' dir='ltr'><strong>sine</strong></span> <span class='ocrx_word' id='word_1_5' title='bbox 538 632 673 694; x_wconf 80' lang='lat' dir='ltr'><strong>sectione</strong></span> <span class='ocrx_word' id='word_1_6' title='bbox 689 634 765 696; x_wconf 81' lang='lat' dir='ltr'><strong>iacta</strong></span> 
     </span>
     <span class='ocr_line' id='line_1_3' title="bbox 292 715 831 799; baseline 0.009 -21"><span class='ocrx_word' id='word_1_7' title='bbox 292 725 423 796; x_wconf 90' lang='lat' dir='ltr'><strong>ponetur</strong></span> <span class='ocrx_word' id='word_1_8' title='bbox 436 715 492 778; x_wconf 86' lang='lat' dir='ltr'><strong>tibi</strong></span> <span class='ocrx_word' id='word_1_9' title='bbox 507 716 595 799; x_wconf 85' lang='lat' dir='ltr'><strong>picta,</strong></span> <span class='ocrx_word' id='word_1_10' title='bbox 611 735 701 797; x_wconf 92' lang='lat' dir='ltr'><strong>quam</strong></span> <span class='ocrx_word' id='word_1_11' title='bbox 716 718 831 793; x_wconf 86' lang='lat' dir='ltr'><strong>levaris,</strong></span> 
     </span>
     <span class='ocr_line' id='line_1_4' title="bbox 291 801 890 885; baseline 0.007 -22"><span class='ocrx_word' id='word_1_12' title='bbox 291 819 415 881; x_wconf 91' lang='lat' dir='ltr'><strong>compar</strong></span> <span class='ocrx_word' id='word_1_13' title='bbox 429 802 652 882; x_wconf 76' lang='lat' dir='ltr'><strong>consimilisque</strong></span> <span class='ocrx_word' id='word_1_14' title='bbox 668 801 890 885; x_wconf 89' lang='lat' dir='ltr'><strong>concolorque’.</strong></span> 
     </span>
     <span class='ocr_line' id='line_1_5' title="bbox 291 887 853 969; baseline 0.007 -21"><span class='ocrx_word' id='word_1_15' title='bbox 291 887 428 968; x_wconf 89' lang='lat' dir='ltr'><strong>promisit</strong></span> <span class='ocrx_word' id='word_1_16' title='bbox 442 888 507 950; x_wconf 89' lang='lat' dir='ltr'><strong>iore</strong></span> <span class='ocrx_word' id='word_1_17' title='bbox 521 888 747 969; x_wconf 90' lang='lat' dir='ltr'><strong>mentulamque</strong></span> <span class='ocrx_word' id='word_1_18' title='bbox 762 890 853 952; x_wconf 84' lang='lat' dir='ltr'><strong>morit</strong></span> 
     </span>
     <span class='ocr_line' id='line_1_6' title="bbox 291 973 788 1056; baseline 0.006 -23"><span class='ocrx_word' id='word_1_19' title='bbox 291 990 346 1053; x_wconf 92' lang='lat' dir='ltr'><strong>pro</strong></span> <span class='ocrx_word' id='word_1_20' title='bbox 362 980 439 1035; x_wconf 89' lang='lat' dir='ltr'><strong>nutu</strong></span> <span class='ocrx_word' id='word_1_21' title='bbox 455 973 529 1036; x_wconf 89' lang='lat' dir='ltr'><strong>deus</strong></span> <span class='ocrx_word' id='word_1_22' title='bbox 545 980 575 1035; x_wconf 88' lang='lat' dir='ltr'><strong>et</strong></span> <span class='ocrx_word' id='word_1_23' title='bbox 589 984 694 1056; x_wconf 79' lang='lat' dir='ltr'><strong>rogata</strong></span> <span class='ocrx_word' id='word_1_24' title='bbox 709 974 788 1037; x_wconf 85' lang='lat' dir='ltr'><strong>lecit.</strong></span> 
     </span>
    </p>
   </div>
   <div class='ocr_carea' id='block_1_3' title="bbox 656 1126 802 1216">
    <p class='ocr_par' dir='ltr' id='par_1_3' title="bbox 656 1126 802 1216">
     <span class='ocr_line' id='line_1_7' title="bbox 656 1126 802 1216; baseline 0.014 -27"><span class='ocrx_word' id='word_1_25' title='bbox 656 1126 802 1216; x_wconf 81' lang='lat' dir='ltr'><strong>muru</strong></span> 
     </span>
    </p>
   </div>
   <div class='ocr_carea' id='block_1_4' title="bbox 291 1243 1165 1584">
    <p class='ocr_par' dir='ltr' id='par_1_4' title="bbox 291 1243 1165 1584">
     <span class='ocr_line' id='line_1_8' title="bbox 291 1243 1165 1329; baseline 0.006 -24"><span class='ocrx_word' id='word_1_26' title='bbox 291 1243 472 1324; x_wconf 80' lang='lat' dir='ltr'><strong>Simpliciter</strong></span> <span class='ocrx_word' id='word_1_27' title='bbox 487 1243 540 1307; x_wconf 91' lang='lat' dir='ltr'><strong>tibi</strong></span> <span class='ocrx_word' id='word_1_28' title='bbox 556 1263 613 1319; x_wconf 86' lang='lat' dir='ltr'><strong>me,</strong></span> <span class='ocrx_word' id='word_1_29' title='bbox 631 1245 835 1327; x_wconf 90' lang='lat' dir='ltr'><strong>quodcunque</strong></span> <span class='ocrx_word' id='word_1_30' title='bbox 851 1256 905 1322; x_wconf 83' lang='lat' dir='ltr'><strong>est,</strong></span> <span class='ocrx_word' id='word_1_31' title='bbox 919 1246 1021 1310; x_wconf 85' lang='lat' dir='ltr'><strong>dicere</strong></span> <span class='ocrx_word' id='word_1_32' title='bbox 1036 1256 1165 1329; x_wconf 82' lang='lat' dir='ltr'><strong>oportet,</strong></span> 
     </span>
     <span class='ocr_line' id='line_1_9' title="bbox 332 1332 1012 1413; baseline 0.004 -23"><span class='ocrx_word' id='word_1_33' title='bbox 332 1338 439 1391; x_wconf 84' lang='lat' dir='ltr'><strong>nature</strong></span> <span class='ocrx_word' id='word_1_34' title='bbox 454 1341 499 1392; x_wconf 87' lang='lat' dir='ltr'><strong>est</strong></span> <span class='ocrx_word' id='word_1_35' title='bbox 515 1332 657 1410; x_wconf 88' lang='lat' dir='ltr'><strong>quoniam</strong></span> <span class='ocrx_word' id='word_1_36' title='bbox 672 1350 792 1412; x_wconf 82' lang='lat' dir='ltr'><strong>semper</strong></span> <span class='ocrx_word' id='word_1_37' title='bbox 806 1343 909 1413; x_wconf 89' lang='lat' dir='ltr'><strong>aperta</strong></span> <span class='ocrx_word' id='word_1_38' title='bbox 922 1333 1012 1395; x_wconf 86' lang='lat' dir='ltr'><strong>mihi:</strong></span> 
     </span>
     <span class='ocr_line' id='line_1_10' title="bbox 291 1414 931 1498; baseline 0.008 -23"><span class='ocrx_word' id='word_1_39' title='bbox 291 1415 431 1494; x_wconf 82' lang='lat' dir='ltr'><strong>pedicare</strong></span> <span class='ocrx_word' id='word_1_40' title='bbox 444 1414 523 1488; x_wconf 82' lang='lat' dir='ltr'><strong>volo,</strong></span> <span class='ocrx_word' id='word_1_41' title='bbox 538 1424 572 1476; x_wconf 89' lang='lat' dir='ltr'><strong>tu</strong></span> <span class='ocrx_word' id='word_1_42' title='bbox 587 1415 631 1478; x_wconf 83' lang='lat' dir='ltr'><strong>vis</strong></span> <span class='ocrx_word' id='word_1_43' title='bbox 645 1415 809 1498; x_wconf 88' lang='lat' dir='ltr'><strong>decerpere</strong></span> <span class='ocrx_word' id='word_1_44' title='bbox 825 1435 931 1498; x_wconf 87' lang='lat' dir='ltr'><strong>poma;</strong></span> 
     </span>
     <span class='ocr_line' id='line_1_11' title="bbox 332 1499 1037 1584; baseline 0.011 -22"><span class='ocrx_word' id='word_1_45' title='bbox 332 1501 412 1579; x_wconf 90' lang='lat' dir='ltr'><strong>quod</strong></span> <span class='ocrx_word' id='word_1_46' title='bbox 426 1509 508 1580; x_wconf 86' lang='lat' dir='ltr'><strong>peto,</strong></span> <span class='ocrx_word' id='word_1_47' title='bbox 524 1500 550 1563; x_wconf 89' lang='lat' dir='ltr'><strong>si</strong></span> <span class='ocrx_word' id='word_1_48' title='bbox 564 1499 691 1577; x_wconf 82' lang='lat' dir='ltr'><strong>dederis,</strong></span> <span class='ocrx_word' id='word_1_49' title='bbox 707 1502 788 1582; x_wconf 94' lang='lat' dir='ltr'><strong>quod</strong></span> <span class='ocrx_word' id='word_1_50' title='bbox 799 1503 886 1584; x_wconf 85' lang='lat' dir='ltr'><strong>petis,</strong></span> <span class='ocrx_word' id='word_1_51' title='bbox 901 1504 1037 1584; x_wconf 72' lang='lat' dir='ltr'><strong>accipies,</strong></span> 
     </span>
    </p>
   </div>
   <div class='ocr_carea' id='block_1_5' title="bbox 628 1652 789 1721">
    <p class='ocr_par' dir='ltr' id='par_1_5' title="bbox 628 1652 789 1721">
     <span class='ocr_line' id='line_1_12' title="bbox 628 1652 789 1721; baseline -0.025 0"><span class='ocrx_word' id='word_1_52' title='bbox 628 1652 789 1721; x_wconf 78' lang='lat' dir='ltr'><strong>xxxvrut</strong></span> 
     </span>
    </p>
   </div>
   <div class='ocr_carea' id='block_1_6' title="bbox 289 1770 906 2265">
    <p class='ocr_par' dir='ltr' id='par_1_6' title="bbox 289 1770 906 2265">
     <span class='ocr_line' id='line_1_13' title="bbox 291 1770 837 1855; baseline 0.011 -24"><span class='ocrx_word' id='word_1_53' title='bbox 291 1770 397 1832; x_wconf 82' lang='lat' dir='ltr'><strong>Forma</strong></span> <span class='ocrx_word' id='word_1_54' title='bbox 412 1770 579 1835; x_wconf 82' lang='lat' dir='ltr'><strong>Mercurius</strong></span> <span class='ocrx_word' id='word_1_55' title='bbox 593 1781 693 1855; x_wconf 89' lang='lat' dir='ltr'><strong>potest</strong></span> <span class='ocrx_word' id='word_1_56' title='bbox 707 1772 837 1853; x_wconf 88' lang='lat' dir='ltr'><strong>placere,</strong></span> 
     </span>
     <span class='ocr_line' id='line_1_14' title="bbox 289 1856 825 1943; baseline 0.009 -26"><span class='ocrx_word' id='word_1_57' title='bbox 289 1856 384 1918; x_wconf 82' lang='lat' dir='ltr'><strong>forme</strong></span> <span class='ocrx_word' id='word_1_58' title='bbox 400 1858 633 1938; x_wconf 90' lang='lat' dir='ltr'><strong>conspiciendus</strong></span> <span class='ocrx_word' id='word_1_59' title='bbox 647 1869 693 1921; x_wconf 91' lang='lat' dir='ltr'><strong>est</strong></span> <span class='ocrx_word' id='word_1_60' title='bbox 708 1858 825 1943; x_wconf 80' lang='lat' dir='ltr'><strong>Apollo,</strong></span> 
     </span>
     <span class='ocr_line' id='line_1_15' title="bbox 289 1941 868 2027; baseline 0.007 -25"><span class='ocrx_word' id='word_1_61' title='bbox 289 1941 439 2004; x_wconf 86' lang='lat' dir='ltr'><strong>formosus</strong></span> <span class='ocrx_word' id='word_1_62' title='bbox 455 1960 576 2023; x_wconf 89' lang='lat' dir='ltr'><strong>quoque</strong></span> <span class='ocrx_word' id='word_1_63' title='bbox 590 1944 727 2025; x_wconf 80' lang='lat' dir='ltr'><strong>pingitur</strong></span> <span class='ocrx_word' id='word_1_64' title='bbox 741 1944 868 2027; x_wconf 77' lang='lat' dir='ltr'><strong>Lyaeus,</strong></span> 
     </span>
     <span class='ocr_line' id='line_1_16' title="bbox 289 2026 873 2111; baseline 0.009 -24"><span class='ocrx_word' id='word_1_65' title='bbox 289 2026 521 2090; x_wconf 83' lang='lat' dir='ltr'><strong>formosissimus</strong></span> <span class='ocrx_word' id='word_1_66' title='bbox 536 2029 672 2091; x_wconf 89' lang='lat' dir='ltr'><strong>omnium</strong></span> <span class='ocrx_word' id='word_1_67' title='bbox 687 2038 733 2091; x_wconf 87' lang='lat' dir='ltr'><strong>est</strong></span> <span class='ocrx_word' id='word_1_68' title='bbox 747 2028 873 2111; x_wconf 82' lang='lat' dir='ltr'><strong>Cupido.</strong></span> 
     </span>
     <span class='ocr_line' id='line_1_17' title="bbox 289 2113 804 2193; baseline 0.01 -21"><span class='ocrx_word' id='word_1_69' title='bbox 289 2130 336 2172; x_wconf 90' lang='lat' dir='ltr'><strong>me</strong></span> <span class='ocrx_word' id='word_1_70' title='bbox 350 2113 456 2193; x_wconf 90' lang='lat' dir='ltr'><strong>pulcra</strong></span> <span class='ocrx_word' id='word_1_71' title='bbox 471 2114 567 2176; x_wconf 82' lang='lat' dir='ltr'><strong>fateor</strong></span> <span class='ocrx_word' id='word_1_72' title='bbox 582 2132 684 2177; x_wconf 89' lang='lat' dir='ltr'><strong>carere</strong></span> <span class='ocrx_word' id='word_1_73' title='bbox 699 2115 804 2189; x_wconf 77' lang='lat' dir='ltr'><strong>torma,</strong></span> 
     </span>
     <span class='ocr_line' id='line_1_18' title="bbox 289 2199 906 2265; baseline 0.008 -7"><span class='ocrx_word' id='word_1_74' title='bbox 289 2216 391 2259; x_wconf 84' lang='lat' dir='ltr'><strong>verum</strong></span> <span class='ocrx_word' id='word_1_75' title='bbox 406 2200 540 2261; x_wconf 85' lang='lat' dir='ltr'><strong>mentula</strong></span> <span class='ocrx_word' id='word_1_76' title='bbox 554 2199 709 2262; x_wconf 87' lang='lat' dir='ltr'><strong>luculente</strong></span> <span class='ocrx_word' id='word_1_77' title='bbox 725 2209 827 2263; x_wconf 88' lang='lat' dir='ltr'><strong>nostre</strong></span> <span class='ocrx_word' id='word_1_78' title='bbox 844 2214 906 2265; x_wconf 85' lang='lat' dir='ltr'><strong>est:</strong></span> 
     </span>
    </p>
   </div>
   <div class='ocr_carea' id='block_1_7' title="bbox 289 2282 897 2450">
    <p class='ocr_par' dir='ltr' id='par_1_7' title="bbox 289 2282 897 2450">
     <span class='ocr_line' id='line_1_19' title="bbox 289 2282 897 2367; baseline 0.012 -24"><span class='ocrx_word' id='word_1_79' title='bbox 289 2282 366 2345; x_wconf 86' lang='lat' dir='ltr'><strong>hanc</strong></span> <span class='ocrx_word' id='word_1_80' title='bbox 382 2283 492 2345; x_wconf 80' lang='lat' dir='ltr'><strong>mavult</strong></span> <span class='ocrx_word' id='word_1_81' title='bbox 506 2284 562 2347; x_wconf 90' lang='lat' dir='ltr'><strong>sibi</strong></span> <span class='ocrx_word' id='word_1_82' title='bbox 578 2302 668 2365; x_wconf 88' lang='lat' dir='ltr'><strong>quam</strong></span> <span class='ocrx_word' id='word_1_83' title='bbox 682 2287 755 2348; x_wconf 92' lang='lat' dir='ltr'><strong>deos</strong></span> <span class='ocrx_word' id='word_1_84' title='bbox 770 2286 897 2367; x_wconf 88' lang='lat' dir='ltr'><strong>priores,</strong></span> 
     </span>
     <span class='ocr_line' id='line_1_20' title="bbox 289 2368 846 2450; baseline 0.005 -20"><span class='ocrx_word' id='word_1_85' title='bbox 289 2368 313 2430; x_wconf 90' lang='lat' dir='ltr'><strong>si</strong></span> <span class='ocrx_word' id='word_1_86' title='bbox 328 2386 387 2447; x_wconf 87' lang='lat' dir='ltr'><strong>qna</strong></span> <span class='ocrx_word' id='word_1_87' title='bbox 402 2377 447 2431; x_wconf 87' lang='lat' dir='ltr'><strong>est</strong></span> <span class='ocrx_word' id='word_1_88' title='bbox 462 2388 523 2430; x_wconf 92' lang='lat' dir='ltr'><strong>non</strong></span> <span class='ocrx_word' id='word_1_89' title='bbox 540 2371 613 2433; x_wconf 87' lang='lat' dir='ltr'><strong>latui</strong></span> <span class='ocrx_word' id='word_1_90' title='bbox 629 2371 727 2450; x_wconf 90' lang='lat' dir='ltr'><strong>puella</strong></span> <span class='ocrx_word' id='word_1_91' title='bbox 742 2372 846 2433; x_wconf 91' lang='lat' dir='ltr'><strong>cunni.</strong></span> 
     </span>
    </p>
   </div>
   <div class='ocr_carea' id='block_1_8' title="bbox 676 2521 840 2588">
    <p class='ocr_par' dir='ltr' id='par_1_8' title="bbox 676 2521 840 2588">
     <span class='ocr_line' id='line_1_21' title="bbox 676 2521 840 2588; baseline -0.049 0"><span class='ocrx_word' id='word_1_92' title='bbox 676 2521 782 2588; x_wconf 82' lang='lat' dir='ltr'>XXXX</span> <span class='ocrx_word' id='word_1_93' title='bbox 833 2565 840 2580; x_wconf 90' lang='lat'><strong>.</strong></span> 
     </span>
    </p>
   </div>
   <div class='ocr_carea' id='block_1_9' title="bbox 288 2640 1081 2978">
    <p class='ocr_par' dir='ltr' id='par_1_9' title="bbox 288 2640 1081 2978">
     <span class='ocr_line' id='line_1_22' title="bbox 289 2640 956 2722; baseline 0.007 -22"><span class='ocrx_word' id='word_1_94' title='bbox 289 2640 362 2702; x_wconf 85' lang='lat' dir='ltr'><strong>Nota</strong></span> <span class='ocrx_word' id='word_1_95' title='bbox 377 2640 552 2703; x_wconf 88' lang='lat' dir='ltr'><strong>Suburanas</strong></span> <span class='ocrx_word' id='word_1_96' title='bbox 567 2642 648 2704; x_wconf 89' lang='lat' dir='ltr'><strong>inter</strong></span> <span class='ocrx_word' id='word_1_97' title='bbox 658 2642 817 2704; x_wconf 83' lang='lat' dir='ltr'><strong>Telethusa</strong></span> <span class='ocrx_word' id='word_1_98' title='bbox 832 2642 956 2722; x_wconf 78' lang='lat' dir='ltr'><strong>puellas,</strong></span> 
     </span>
     <span class='ocr_line' id='line_1_23' title="bbox 331 2727 1050 2808; baseline 0.004 -21"><span class='ocrx_word' id='word_1_99' title='bbox 331 2744 415 2805; x_wconf 86' lang='lat' dir='ltr'><strong>quae,</strong></span> <span class='ocrx_word' id='word_1_100' title='bbox 430 2735 515 2806; x_wconf 86' lang='lat' dir='ltr'><strong>puto,</strong></span> <span class='ocrx_word' id='word_1_101' title='bbox 531 2728 567 2789; x_wconf 91' lang='lat' dir='ltr'><strong>de</strong></span> <span class='ocrx_word' id='word_1_102' title='bbox 583 2738 709 2808; x_wconf 89' lang='lat' dir='ltr'><strong>quaestu</strong></span> <span class='ocrx_word' id='word_1_103' title='bbox 723 2727 818 2789; x_wconf 86' lang='lat' dir='ltr'><strong>libera</strong></span> <span class='ocrx_word' id='word_1_104' title='bbox 832 2732 909 2790; x_wconf 82' lang='lat' dir='ltr'><strong>iacta</strong></span> <span class='ocrx_word' id='word_1_105' title='bbox 924 2746 979 2790; x_wconf 90' lang='lat' dir='ltr'><strong>suo</strong></span> <span class='ocrx_word' id='word_1_106' title='bbox 995 2738 1050 2799; x_wconf 84' lang='lat' dir='ltr'><strong>est,</strong></span> 
     </span>
     <span class='ocr_line' id='line_1_24' title="bbox 288 2812 1004 2896; baseline 0.007 -25"><span class='ocrx_word' id='word_1_107' title='bbox 288 2812 381 2889; x_wconf 86' lang='lat' dir='ltr'><strong>cingit</strong></span> <span class='ocrx_word' id='word_1_108' title='bbox 395 2814 531 2874; x_wconf 90' lang='lat' dir='ltr'><strong>inaurata</strong></span> <span class='ocrx_word' id='word_1_109' title='bbox 546 2830 657 2894; x_wconf 87' lang='lat' dir='ltr'><strong>penem</strong></span> <span class='ocrx_word' id='word_1_110' title='bbox 672 2812 736 2896; x_wconf 88' lang='lat' dir='ltr'><strong>tibi,</strong></span> <span class='ocrx_word' id='word_1_111' title='bbox 749 2823 863 2888; x_wconf 86' lang='lat' dir='ltr'><strong>sancte,</strong></span> <span class='ocrx_word' id='word_1_112' title='bbox 878 2831 1004 2876; x_wconf 87' lang='lat' dir='ltr'><strong>corona:</strong></span> 
     </span>
     <span class='ocr_line' id='line_1_25' title="bbox 329 2897 1081 2978; baseline 0.003 -20"><span class='ocrx_word' id='word_1_113' title='bbox 329 2897 412 2958; x_wconf 90' lang='lat' dir='ltr'><strong>hunc</strong></span> <span class='ocrx_word' id='word_1_114' title='bbox 426 2897 562 2978; x_wconf 84' lang='lat' dir='ltr'><strong>pathicae</strong></span> <span class='ocrx_word' id='word_1_115' title='bbox 578 2899 687 2960; x_wconf 90' lang='lat' dir='ltr'><strong>summi</strong></span> <span class='ocrx_word' id='word_1_116' title='bbox 703 2898 836 2961; x_wconf 89' lang='lat' dir='ltr'><strong>numinis</strong></span> <span class='ocrx_word' id='word_1_117' title='bbox 851 2899 946 2960; x_wconf 82' lang='lat' dir='ltr'><strong>instar</strong></span> <span class='ocrx_word' id='word_1_118' title='bbox 960 2899 1081 2962; x_wconf 87' lang='lat' dir='ltr'><strong>habent.</strong></span> 
     </span>
    </p>
   </div>
   <div class='ocr_carea' id='block_1_10' title="bbox 286 3022 813 3319">
    <p class='ocr_par' dir='ltr' id='par_1_10' title="bbox 286 3022 813 3319">
     <span class='ocr_line' id='line_1_26' title="bbox 588 3022 787 3114; baseline 0.005 -1"><span class='ocrx_word' id='word_1_119' title='bbox 588 3022 594 3030; x_wconf 82' lang='lat'>&#39;</span> <span class='ocrx_word' id='word_1_120' title='bbox 667 3050 787 3114; x_wconf 81' lang='lat' dir='ltr'><strong>xxxxi</strong></span> 
     </span>
     <span class='ocr_line' id='line_1_27' title="bbox 286 3167 813 3251; baseline 0.008 -22"><span class='ocrx_word' id='word_1_121' title='bbox 286 3167 428 3248; x_wconf 79' lang='lat' dir='ltr'><strong>Quisquis</strong></span> <span class='ocrx_word' id='word_1_122' title='bbox 442 3168 558 3231; x_wconf 90' lang='lat' dir='ltr'><strong>venerit</strong></span> <span class='ocrx_word' id='word_1_123' title='bbox 573 3168 642 3242; x_wconf 84' lang='lat' dir='ltr'><strong>huc,</strong></span> <span class='ocrx_word' id='word_1_124' title='bbox 658 3180 747 3251; x_wconf 87' lang='lat' dir='ltr'><strong>poeta</strong></span> <span class='ocrx_word' id='word_1_125' title='bbox 762 3172 813 3233; x_wconf 86' lang='lat' dir='ltr'><strong>liat</strong></span> 
     </span>
     <span class='ocr_line' id='line_1_28' title="bbox 286 3252 794 3319; baseline 0.01 -5"><span class='ocrx_word' id='word_1_126' title='bbox 286 3262 316 3314; x_wconf 85' lang='lat' dir='ltr'><strong>et</strong></span> <span class='ocrx_word' id='word_1_127' title='bbox 329 3272 433 3317; x_wconf 88' lang='lat' dir='ltr'><strong>versus</strong></span> <span class='ocrx_word' id='word_1_128' title='bbox 447 3254 519 3316; x_wconf 92' lang='lat' dir='ltr'><strong>mihi</strong></span> <span class='ocrx_word' id='word_1_129' title='bbox 534 3252 651 3316; x_wconf 90' lang='lat' dir='ltr'><strong>dedicet</strong></span> <span class='ocrx_word' id='word_1_130' title='bbox 666 3255 794 3319; x_wconf 87' lang='lat' dir='ltr'><strong>iocosos.</strong></span> 
     </span>
    </p>
   </div>
   <div class='ocr_carea' id='block_1_11' title="bbox 284 3339 793 3505">
    <p class='ocr_par' dir='ltr' id='par_1_11' title="bbox 284 3339 793 3505">
     <span class='ocr_line' id='line_1_29' title="bbox 286 3339 793 3417; baseline 0.008 -18"><span class='ocrx_word' id='word_1_131' title='bbox 286 3339 336 3417; x_wconf 91' lang='lat' dir='ltr'><strong>qui</strong></span> <span class='ocrx_word' id='word_1_132' title='bbox 353 3358 416 3401; x_wconf 92' lang='lat' dir='ltr'><strong>non</strong></span> <span class='ocrx_word' id='word_1_133' title='bbox 432 3339 547 3410; x_wconf 83' lang='lat' dir='ltr'><strong>fecerit,</strong></span> <span class='ocrx_word' id='word_1_134' title='bbox 563 3339 645 3401; x_wconf 89' lang='lat' dir='ltr'><strong>inter</strong></span> <span class='ocrx_word' id='word_1_135' title='bbox 659 3339 793 3403; x_wconf 88' lang='lat' dir='ltr'><strong>eruditos</strong></span> 
     </span>
     <span class='ocr_line' id='line_1_30' title="bbox 284 3423 748 3505; baseline 0.006 -21"><span class='ocrx_word' id='word_1_136' title='bbox 284 3424 478 3487; x_wconf 86' lang='lat' dir='ltr'><strong>ficosissimns</strong></span> <span class='ocrx_word' id='word_1_137' title='bbox 492 3423 624 3487; x_wconf 88' lang='lat' dir='ltr'><strong>ambulet</strong></span> <span class='ocrx_word' id='word_1_138' title='bbox 635 3434 748 3505; x_wconf 84' lang='lat' dir='ltr'><strong>poetes.</strong></span> 
     </span>
    </p>
   </div>
   <div class='ocr_carea' id='block_1_12' title="bbox 654 3577 788 3641">
    <p class='ocr_par' dir='ltr' id='par_1_12' title="bbox 654 3577 788 3641">
     <span class='ocr_line' id='line_1_31' title="bbox 654 3577 788 3641; baseline 0 0"><span class='ocrx_word' id='word_1_139' title='bbox 654 3577 788 3641; x_wconf 80' lang='lat' dir='ltr'><strong>xxxxlt</strong></span> 
     </span>
    </p>
   </div>
   <div class='ocr_carea' id='block_1_13' title="bbox 280 3679 987 4018">
    <p class='ocr_par' dir='ltr' id='par_1_13' title="bbox 280 3679 987 4018">
     <span class='ocr_line' id='line_1_32' title="bbox 282 3679 987 3760; baseline 0.007 -20"><span class='ocrx_word' id='word_1_140' title='bbox 282 3679 392 3741; x_wconf 88' lang='lat' dir='ltr'><strong>Laetus</strong></span> <span class='ocrx_word' id='word_1_141' title='bbox 406 3679 592 3760; x_wconf 80' lang='lat' dir='ltr'><strong>Aristagoras</strong></span> <span class='ocrx_word' id='word_1_142' title='bbox 607 3680 686 3743; x_wconf 89' lang='lat' dir='ltr'><strong>natis</strong></span> <span class='ocrx_word' id='word_1_143' title='bbox 709 3680 788 3742; x_wconf 88' lang='lat' dir='ltr'><strong>benc</strong></span> <span class='ocrx_word' id='word_1_144' title='bbox 803 3681 908 3744; x_wconf 86' lang='lat' dir='ltr'><strong>vilicus</strong></span> <span class='ocrx_word' id='word_1_145' title='bbox 923 3682 987 3745; x_wconf 88' lang='lat' dir='ltr'><strong>uris</strong></span> 
     </span>
     <span class='ocr_line' id='line_1_33' title="bbox 324 3764 962 3845; baseline 0.008 -20"><span class='ocrx_word' id='word_1_146' title='bbox 324 3764 362 3826; x_wconf 91' lang='lat' dir='ltr'><strong>de</strong></span> <span class='ocrx_word' id='word_1_147' title='bbox 377 3782 446 3825; x_wconf 89' lang='lat' dir='ltr'><strong>cera</strong></span> <span class='ocrx_word' id='word_1_148' title='bbox 461 3766 538 3827; x_wconf 86' lang='lat' dir='ltr'><strong>facta</strong></span> <span class='ocrx_word' id='word_1_149' title='bbox 553 3765 603 3826; x_wconf 93' lang='lat' dir='ltr'><strong>dat</strong></span> <span class='ocrx_word' id='word_1_150' title='bbox 618 3765 671 3826; x_wconf 92' lang='lat' dir='ltr'><strong>tibi</strong></span> <span class='ocrx_word' id='word_1_151' title='bbox 688 3783 786 3845; x_wconf 81' lang='lat' dir='ltr'><strong>poma,</strong></span> <span class='ocrx_word' id='word_1_152' title='bbox 802 3767 887 3832; x_wconf 83' lang='lat' dir='ltr'><strong>deus.</strong></span> <span class='ocrx_word' id='word_1_153' title='bbox 961 3772 962 3775; x_wconf 74' lang='grc'>’</span> 
     </span>
     <span class='ocr_line' id='line_1_34' title="bbox 280 3851 902 3932; baseline 0.005 -21"><span class='ocrx_word' id='word_1_154' title='bbox 280 3858 312 3911; x_wconf 91' lang='lat' dir='ltr'><strong>at</strong></span> <span class='ocrx_word' id='word_1_155' title='bbox 325 3858 359 3912; x_wconf 88' lang='lat' dir='ltr'><strong>tu</strong></span> <span class='ocrx_word' id='word_1_156' title='bbox 374 3852 481 3912; x_wconf 89' lang='lat' dir='ltr'><strong>sacrati</strong></span> <span class='ocrx_word' id='word_1_157' title='bbox 497 3859 660 3913; x_wconf 89' lang='lat' dir='ltr'><strong>contentus</strong></span> <span class='ocrx_word' id='word_1_158' title='bbox 675 3851 805 3931; x_wconf 79' lang='lat' dir='ltr'><strong>imagine</strong></span> <span class='ocrx_word' id='word_1_159' title='bbox 819 3853 902 3932; x_wconf 86' lang='lat' dir='ltr'><strong>pomi</strong></span> 
     </span>
     <span class='ocr_line' id='line_1_35' title="bbox 323 3936 907 4018; baseline 0.005 -22"><span class='ocrx_word' id='word_1_160' title='bbox 323 3936 370 3997; x_wconf 85' lang='lat' dir='ltr'><strong>lac</strong></span> <span class='ocrx_word' id='word_1_161' title='bbox 384 3953 471 3999; x_wconf 86' lang='lat' dir='ltr'><strong>veros</strong></span> <span class='ocrx_word' id='word_1_162' title='bbox 486 3937 601 3998; x_wconf 85' lang='lat' dir='ltr'><strong>fructus</strong></span> <span class='ocrx_word' id='word_1_163' title='bbox 616 3936 675 4013; x_wconf 86' lang='lat' dir='ltr'><strong>ille,</strong></span> <span class='ocrx_word' id='word_1_164' title='bbox 692 3936 807 4018; x_wconf 89' lang='lat' dir='ltr'><strong>Priape,</strong></span> <span class='ocrx_word' id='word_1_165' title='bbox 822 3940 907 4000; x_wconf 85' lang='lat' dir='ltr'><strong>ferat.</strong></span> 
     </span>
    </p>
   </div>
   <div class='ocr_carea' id='block_1_14' title="bbox 241 4056 385 4066">
    <p class='ocr_par' dir='ltr' id='par_1_14' title="bbox 241 4056 385 4066">
     <span class='ocr_line' id='line_1_36' title="bbox 241 4056 385 4066; baseline -0.007 0"><span class='ocrx_word' id='word_1_166' title='bbox 241 4056 385 4066; x_wconf 74' lang='lat'><strong>..—</strong></span> 
     </span>
    </p>
   </div>
   <div class='ocr_carea' id='block_1_15' title="bbox 241 4086 1261 4326">
    <p class='ocr_par' dir='ltr' id='par_1_15' title="bbox 241 4086 1261 4326">
     <span class='ocr_line' id='line_1_37' title="bbox 263 4086 1261 4171; baseline 0 -13"><span class='ocrx_word' id='word_1_167' title='bbox 263 4104 379 4164; x_wconf 77' lang='lat' dir='ltr'>XXXVI!</span> <span class='ocrx_word' id='word_1_168' title='bbox 395 4106 426 4157; x_wconf 83' lang='lat'><strong>12</strong></span> <span class='ocrx_word' id='word_1_169' title='bbox 438 4117 518 4170; x_wconf 83' lang='lat' dir='ltr'><strong>parre</strong></span> <span class='ocrx_word' id='word_1_170' title='bbox 530 4108 558 4157; x_wconf 83' lang='lat' dir='ltr'><strong>et</strong></span> <span class='ocrx_word' id='word_1_171' title='bbox 567 4103 763 4171; x_wconf 76' lang='lat' dir='ltr'><strong>consimilisque</strong></span> <span class='ocrx_word' id='word_1_172' title='bbox 775 4100 787 4171; x_wconf 94' lang='grc' dir='ltr'>Ι</span> <span class='ocrx_word' id='word_1_173' title='bbox 798 4103 892 4157; x_wconf 79' lang='lat' dir='ltr'>XXXX</span> <span class='ocrx_word' id='word_1_174' title='bbox 906 4110 918 4158; x_wconf 90' lang='lat' dir='ltr'><strong>t</strong></span> <span class='ocrx_word' id='word_1_175' title='bbox 933 4104 1045 4158; x_wconf 77' lang='lat' dir='ltr'><strong>cerasina</strong></span> <span class='ocrx_word' id='word_1_176' title='bbox 1058 4086 1261 4163; x_wconf 64' lang='lat' dir='ltr'><strong>lamanai</strong></span> 
     </span>
     <span class='ocr_line' id='line_1_38' title="bbox 241 4169 1260 4246; baseline 0.001 -20"><span class='ocrx_word' id='word_1_177' title='bbox 241 4177 270 4234; x_wconf 58' lang='lat' dir='ltr'><strong>rt,</strong></span> <span class='ocrx_word' id='word_1_178' title='bbox 282 4171 403 4226; x_wconf 78' lang='lat' dir='ltr'><strong>&#39;lelceine</strong></span> <span class='ocrx_word' id='word_1_179' title='bbox 418 4170 425 4243; x_wconf 92' lang='grc' dir='ltr'>Ι</span> <span class='ocrx_word' id='word_1_180' title='bbox 439 4173 544 4240; x_wconf 71' lang='grc' dir='ltr'><strong>2,·ριιῑι,</strong></span> <span class='ocrx_word' id='word_1_181' title='bbox 566 4172 653 4225; x_wconf 73' lang='lat' dir='ltr'><strong>eadee</strong></span> <span class='ocrx_word' id='word_1_182' title='bbox 676 4169 906 4241; x_wconf 71' lang='lat' dir='ltr'><strong>Guelferbytanus</strong></span> <span class='ocrx_word' id='word_1_183' title='bbox 916 4173 927 4240; x_wconf 89' lang='grc' dir='ltr'>Ι</span> <span class='ocrx_word' id='word_1_184' title='bbox 938 4171 1055 4246; x_wconf 73' lang='lat' dir='ltr'><strong>xxxxii</strong></span> <span class='ocrx_word' id='word_1_185' title='bbox 1072 4176 1088 4226; x_wconf 77' lang='lat'><strong>2</strong></span> <span class='ocrx_word' id='word_1_186' title='bbox 1110 4173 1193 4242; x_wconf 74' lang='lat' dir='ltr'><strong>iectus</strong></span> <span class='ocrx_word' id='word_1_187' title='bbox 1215 4174 1260 4243; x_wconf 74' lang='lat' dir='ltr'><strong>dat</strong></span> 
     </span>
     <span class='ocr_line' id='line_1_39' title="bbox 242 4237 914 4326; baseline -0.001 -31"><span class='ocrx_word' id='word_1_188' title='bbox 242 4237 313 4295; x_wconf 82' lang='lat' dir='ltr'><strong>done</strong></span> <span class='ocrx_word' id='word_1_189' title='bbox 331 4240 475 4308; x_wconf 78' lang='lat' dir='ltr'><strong>Hauptr‘ua.</strong></span> <span class='ocrx_word' id='word_1_190' title='bbox 499 4254 567 4307; x_wconf 78' lang='lat' dir='ltr'><strong>ecre,</strong></span> <span class='ocrx_word' id='word_1_191' title='bbox 585 4239 914 4326; x_wconf 61' lang='lat' dir='ltr'><strong>suntquamquam</strong></span> 
     </span>
    </p>
   </div>
   <div class='ocr_carea' id='block_1_16' title="bbox 1057 4291 1256 4383">
    <p class='ocr_par' dir='ltr' id='par_1_16' title="bbox 1057 4291 1256 4383">
     <span class='ocr_line' id='line_1_40' title="bbox 1057 4291 1256 4383; baseline -0.015 0"><span class='ocrx_word' id='word_1_192' title='bbox 1057 4326 1108 4383; x_wconf 78' lang='lat' dir='ltr'><strong>tu</strong></span> <span class='ocrx_word' id='word_1_193' title='bbox 1250 4291 1256 4307; x_wconf 58' lang='lat'><em>&#39;</em></span> 
     </span>
    </p>
   </div>
   <div class='ocr_carea' id='block_1_17' title="bbox 0 0 1714 4934">
    <p class='ocr_par' dir='ltr' id='par_1_17' title="bbox 0 0 1714 4934">
     <span class='ocr_line' id='line_1_41' title="bbox 0 0 1714 4934; baseline 0 3"><span class='ocrx_word' id='word_1_194' title='bbox 0 0 1714 4934; x_wconf 95' lang='lat' dir='ltr'><strong> </strong></span> 
     </span>
    </p>
   </div>
  </div>
 </body>
</html>
