3417 4934
302 425 343 487 72
765 424 920 480 ternotus

232 596 296 665 105
303 598 362 661 nisi
376 616 444 660 curn
460 598 564 679 pelago
578 606 686 661 ventus
697 594 854 661 irascitur’.
884 596 1044 660 excanduit
1054 596 1162 659 Lichas
1173 597 1232 658 hoc
1242 612 1413 666 sermonen

300 682 437 747 turbatus
452 691 483 745 et
497 682 594 745 ‘itane’
610 684 710 764 inquit
724 682 859 763 ‘capillos
870 683 976 763 aliquis
988 683 1020 745 in
1033 700 1107 744 nave
1118 681 1273 763 praecidit,
1285 690 1318 745 et
1327 682 1384 746 hoo

303 777 391 831 nocte
405 766 604 848 intempesta?
619 768 756 830 attrahite
772 768 857 831 ocius
872 778 1016 831 nocentes
1030 768 1063 830 in
1074 767 1216 842 medium,
1232 776 1268 829 ut
1281 768 1383 842 sciam,

265 866 280 916 2
302 871 431 934 quorum
445 853 592 934 capitibus
607 854 714 916 debeat
729 853 878 933 navigium
894 852 1032 921 lustrari’.
1064 850 1140 934 ‘ego'
1154 851 1385 935 inquitEumol·

301 957 358 1020 pus
380 939 448 1001 ‘hoc
468 938 551 1002 iussi.
581 957 638 1001 nec
659 939 691 1001 in
714 939 821 1001 eodem
842 939 962 1002 futurus
983 938 1100 1017 navigio
1123 937 1292 1019 auspicium
1313 938 1413 1001 milrit

301 1024 368 1099 leci,
383 1025 435 1087 sed
450 1024 518 1103 quia
533 1032 680 1087 nocentes
694 1024 833 1086 horridos
846 1024 1014 1104 longosque
1029 1023 1181 1086 habebant
1195 1022 1332 1104 capillos,
1349 1042 1386 1086 ne

300 1111 417 1172 viderer
437 1109 473 1171 de
495 1128 568 1172 nave
584 1127 736 1172 carcerem
760 1110 870 1184 facere,
894 1109 967 1171 iussi
982 1109 1154 1189 squalorem
1168 1108 1318 1172 damnatis
1334 1127 1385 1171 au·

301 1195 387 1271 lerri;
403 1194 528 1258 simulut
544 1205 631 1258 nome
643 1213 764 1275 quoque
774 1194 940 1257 litterarum
953 1213 1015 1256 non
1027 1194 1219 1258 adumbratae
1230 1212 1385 1257 comam

265 1291 280 1340 3
303 1281 451 1361 praesidio
463 1288 542 1342 totae
552 1280 589 1342 ad
601 1280 704 1343 oculos
715 1280 879 1361 legentium
892 1279 1072 1345 acciderent.
1102 1279 1183 1341 inter
1193 1288 1295 1341 cetera
1306 1279 1386 1361 apud

302 1384 492 1428 communem
504 1367 629 1428 amicam
641 1374 899 1445 consumpserunt
911 1364 1073 1446 pecuniam
1086 1382 1194 1439 meam,
1209 1383 1226 1426 a
1241 1382 1302 1445 qua
1316 1364 1383 1428 illos
1403 1374 1426 1426 tt

301 1452 435 1533 proxima
458 1461 548 1514 nocte
570 1450 683 1513 extraxi
706 1468 789 1512 merc
819 1450 1041 1530 unguentisque
1064 1450 1213 1530 pertusos.
1243 1449 1281 1511 ad
1302 1468 1386 1513 sum·

304 1555 392 1611 mant,
407 1537 505 1599 adbuc
520 1535 692 1617 patrimonii
708 1536 767 1598 mei
783 1535 926 1615 reliquias
941 1534 1032 1598 clent’

796 1662 804 1674 ·
838 1641 855 1680 t

266 1718 281 1768 t
389 1706 489 1784 itaque
504 1714 537 1767 ut
551 1704 644 1767 tutela
661 1706 744 1768 navis
759 1706 940 1787 expiaretur,
964 1704 1076 1785 placuit
1091 1704 1298 1785 quadragenas
1312 1704 1387 1767 utri·

301 1809 360 1872 que
383 1790 485 1872 plagas
507 1790 631 1871 imponi.
662 1791 743 1853 nulla
767 1810 839 1873 ergo
862 1792 896 1852 lit
916 1808 1014 1852 mora:
1037 1789 1253 1870 aggrediuntur
1269 1808 1328 1852 nos
1342 1791 1387 1851 ln-

302 1884 520 1938 rentesnautae
529 1893 597 1938 cum
605 1874 729 1939 funibus
737 1885 945 1957 temptantque
956 1875 1098 1938 vilissimo
1109 1874 1388 1953 sanguiuetutelam
1408 1883 1431 1935 15

268 1972 283 2021 5
303 1961 430 2042 placare.
460 1969 491 2022 et
506 1979 562 2041 ego
579 1961 699 2041 quidem
715 1970 778 2024 tres
792 1962 895 2042 plagas
910 1962 1056 2041 Spartana
1079 1960 1233 2022 nobilitate
1248 1961 1387 2023 concoxi.

302 2056 436 2109 ceterum
451 2046 540 2108 Giton
556 2046 649 2109 semel
670 2047 748 2108 ictus
767 2056 827 2109 tam
841 2047 926 2108 valde
945 2046 1128 2120 exclamavit,
1144 2053 1175 2107 ut
1191 2045 1388 2127 Tryphaenae

267 2142 282 2192 6
305 2150 392 2194 aures
407 2131 559 2194 notissima
578 2150 652 2193 voce
673 2133 814 2214 repleret
851 2151 914 2194 non
934 2132 1031 2193 solum
1053 2149 1104 2193 era
1124 2129 1243 2193 turbata
1258 2140 1314 2207 cst,
1335 2131 1389 2194 sed

302 2216 427 2279 ancillae
442 2217 532 2278 etiam
547 2236 652 2279 omnes
667 2217 804 2280 familiari
823 2235 901 2279 sono
916 2217 1057 2279 inductae
1076 2215 1113 2278 ad
1127 2215 1319 2296 vapulantem
1335 2215 1387 2279 de·

266 2313 281 2362 t
304 2310 439 2364 currunt.
476 2302 534 2363 iam
550 2302 639 2364 Giton
661 2302 788 2364 mirabili
810 2303 907 2365 forma
927 2311 1129 2364 exarmaverat
1150 2310 1256 2363 nautas
1279 2312 1431 2383 coepe-2]

303 2395 408 2467 ratque
430 2387 519 2449 etiam
540 2387 606 2449 sine
626 2406 699 2449 voce
720 2388 887 2451 saevientes
905 2405 1022 2466 rogare,
1044 2405 1114 2449 cum
1135 2386 1260 2449 ancillae
1275 2387 1389 2468 pariter

303 2473 503 2553 proclamant:
531 2472 632 2535 ‘Giton
652 2483 713 2547 est,
737 2472 838 2548 Giton,
861 2473 994 2535 inhibete
1021 2471 1241 2534 crudelissimas
1265 2490 1389 2548 manus;

267 2568 282 2619 8
304 2558 393 2620 Giton
417 2566 471 2640 est,
498 2558 628 2634 domina,
656 2558 818 2621 succurre.
863 2558 994 2623 deflectit
1019 2575 1108 2620 aures
1128 2557 1307 2638 Tryphaena
1330 2558 1388 2619 iam

267 2654 283 2705 9
303 2662 356 2706 sua
377 2654 485 2724 sponte
513 2644 670 2707 credentes
697 2644 865 2725 raptimque
887 2643 924 2705 ad
945 2660 1073 2724 puerum
1100 2642 1226 2704 devolat.
1270 2641 1389 2717 Lichas,

303 2729 355 2809 qui
370 2748 418 2791 me
433 2729 544 2812 optimc
560 2738 694 2804 noverat,
708 2739 853 2809 tanquam
869 2729 974 2809 etipse
984 2746 1087 2790 vocem
1102 2728 1240 2803 audisset
1255 2729 1389 2791 accurrit
1406 2736 1431 2789 tt

304 2822 334 2876 et
348 2833 405 2877 nec
419 2832 526 2877 manus
548 2833 604 2877 nec
623 2816 730 2876 laciem
753 2834 849 2876 meam
873 2812 1081 2887 consideravit,
1103 2812 1156 2875 sed
1178 2812 1325 2875 continuo
1352 2813 1388 2875 ad

304 2900 428 2979 inguina
443 2918 508 2962 mea
524 2898 689 2962 luminibus
703 2898 825 2962 deflexis
836 2899 930 2961 movit
940 2899 1103 2961 officiosam
1115 2916 1237 2960 manum
1249 2907 1279 2959 et
1291 2898 1388 2961 ‘salve’

257 2994 286 3045 10
307 2984 406 3063 inquit
432 2983 587 3066 ‘Encolpi’.
628 2985 755 3046 miretur
784 3001 868 3046 nunc
896 2984 1002 3063 aliquis
1023 2984 1115 3047 Vlixis
1143 2983 1292 3045 nutricem
1320 2994 1391 3065 post

304 3069 477 3131 vicesimum
499 3087 613 3131 annum
637 3069 805 3131 cicatricem
826 3069 977 3132 invenisse
1006 3069 1131 3150 originis
1152 3069 1294 3143 indicem,
1316 3088 1387 3133 eum

302 3155 392 3216 bomo
413 3155 665 3235 prudentissimus
685 3155 819 3217 conlusis
844 3153 984 3217 omnibus
1006 3154 1142 3235 corporis
1157 3154 1278 3234 orisque
1292 3154 1431 3217 linea-tt

303 3240 412 3301 mentis
434 3239 470 3301 ad
491 3240 615 3302 unicum
637 3240 752 3320 fugitivi
780 3248 989 3320 argumentum
1013 3249 1074 3302 tam
1096 3241 1183 3301 docte
1204 3241 1387 3321 pervenerit.

257 3335 284 3387 11
307 3324 483 3406 Tryphaena
498 3325 635 3388 lacrimas
650 3325 754 3387 effudit
768 3325 893 3407 decepta
914 3324 1062 3406 supplicio
1077 3343 1202 3386 —vera
1217 3325 1300 3387 enim
1315 3326 1387 3406 stig·

306 3418 383 3472 mata
409 3410 550 3472 credebat
575 3411 759 3491 captivorum
783 3409 936 3473 frontibus
956 3411 1101 3491 impressa
1119 3445 1163 3454 -
1183 3410 1389 3492 sciscitarique

303 3495 479 3558 submissius
497 3496 611 3578 coepit,
632 3496 713 3577 quod
739 3497 923 3578 ergastulum
942 3496 1151 3576 intercepisset
1169 3504 1316 3572 errantes,
1336 3506 1388 3560 aut

304 3581 389 3643 cuius
403 3589 463 3642 tam
478 3580 614 3643 crudeles
625 3600 732 3643 manus
742 3581 774 3644 in
786 3583 844 3644 hcc
854 3581 1037 3661 supplicium
1049 3583 1216 3644 durassent.
1243 3582 1388 3645 meruisse
1407 3585 1431 3637 at

305 3666 424 3747 quidem
445 3666 657 3727 contumeliam
684 3666 814 3746 aliquam
836 3667 986 3747 fugitivos,
1008 3667 1119 3747 quibus
1142 3666 1174 3728 in
1191 3665 1291 3728 odium
1307 3666 1388 3729 bona

304 3770 357 3815 sua
372 3751 523 3814 venissent

237 3833 474 3903 lbbccncitatus
498 3836 651 3898 iracundia
673 3836 802 3917 prosiliit
822 3837 930 3900 Lichas
951 3845 981 3898 et
1002 3840 1031 3898 ‘o
1052 3833 1090 3897 te’
1113 3836 1213 3916 inquit
1233 3835 1387 3899 ‘feminam

304 3922 479 4004 simplicem,
502 3931 643 4001 tanquam
665 3922 788 3985 vulnera
809 3923 891 3985 lerrc
913 3930 1086 4004 praeparata
1109 3921 1223 3983 litteras
1245 3921 1387 3984 biberint.

304 4008 418 4070 utinam
433 4007 552 4087 quidem
567 4007 623 4069 hac
637 4026 670 4070 se
685 4008 883 4088 inscriptione
898 4007 1005 4070 frontis
1020 4007 1235 4070 maculassent:
1260 4006 1387 4071 habere·

391 4129 407 4179 t
425 4140 473 4178 nec
486 4140 538 4179 non
550 4122 641 4177 ecdem
655 4124 665 4191 q
688 4125 719 4179 18
732 4123 817 4177 solnm
830 4130 914 4193 ergot
928 4125 961 4177 3⁰
970 4122 1223 4191 imprudentissimus
1233 4122 1387 4193 Scioppius,

306 4194 507 4264 pudentissimus
524 4193 619 4245 Domo
634 4194 638 4260 Ι
654 4193 770 4261 corporis
789 4191 994 4261 indiciorumqne
