3417 4934
635 478 781 535 emerent

280 652 346 733 quis
361 652 512 715 liaccbum
528 653 634 733 gracili
647 662 761 715 vestem
777 656 974 734 praetendere
988 656 1099 738 thyrso,

322 739 390 817 quis
404 748 434 799 te
450 738 544 800 celata
559 758 627 800 cum
643 740 708 800 face
723 740 804 812 vidit,
816 738 931 801 Amor?

279 842 336 885 nec
344 824 462 885 mihisit
473 824 601 902 crimen,
610 825 691 904 quod
704 825 835 886 mentula
846 844 967 906 semper
977 834 1079 906 aperta
1091 837 1150 889 est:

321 908 379 969 boc
394 909 466 969 mibi
482 910 506 970 si
521 909 617 971 telum
633 910 717 985 desit,
733 910 857 972 inermis
872 929 935 972 ero.

703 1063 730 1124 X

279 1163 476 1227 Insulsissima
493 1165 564 1243 quid
580 1165 678 1245 puella
692 1164 793 1229 rides?

280 1268 341 1310 nun
357 1268 407 1311 me
422 1250 584 1313 Praxiteles
600 1251 748 1331 Scopasve
764 1251 843 1326 lecit,

280 1354 336 1397 nec
351 1352 417 1396 sum
432 1335 571 1398 Phidiaca
587 1354 677 1398 manu
693 1337 819 1416 politus;

279 1422 407 1482 sedn
343 1421 482 1519 Qut
475 1420 549 1482 rude
564 1422 667 1483 vilicus
682 1421 799 1495 dolavit,
1025 1415 1040 1500 ἶ
1122 1452 1124 1455 ’

280 1514 310 1567 et
324 1506 398 1567 dum
412 1506 498 1567 mihi.
515 1512 558 1568 ‘tu
575 1507 700 1586 Priapus
716 1508 800 1569 esto’.

280 1603 396 1689 spectas
411 1610 459 1653 me
474 1600 574 1653 tamen
590 1602 620 1653 et
636 1591 765 1654 subinde
780 1590 883 1656 rides?

280 1677 421 1738 nimirum
436 1676 491 1738 tibi
505 1677 581 1739 salsa
598 1696 647 1740 res
660 1678 777 1739 videtur

279 1762 398 1823 adstans
413 1762 590 1842 inguinibus
605 1763 743 1825 columna
760 1764 882 1826 nostris.

606 1916 736 1977 ‚xl

280 2016 322 2078 lle
336 2018 495 2095 prendare‚
511 2036 591 2080 cave.
622 2036 734 2096 prenso
750 2036 807 2079 nec
822 2018 901 2079 fuste
917 2017 1044 2093 nauehu,

322 2120 406 2164 saeva
422 2122 478 2165 nec
494 2104 616 2165 incurva
631 2104 755 2165 vulnera
771 2103 845 2165 falce
861 2102 956 2169 dabo:

281 2188 421 2250 traiectus
436 2196 528 2251 conto
544 2189 587 2251 sic
603 2189 764 2256 extendere
780 2189 888 2269 pedali,

322 2282 356 2334 ut
371 2275 471 2335 culum
488 2292 592 2355 rugam
609 2293 670 2336 nnn
686 2273 825 2336 babuisse
841 2282 939 2355 putes.

690 2426 744 2487 llll

282 2529 430 2601 Quaedam
447 2530 549 2591 iunior
564 2530 704 2591 Hectoris
718 2537 855 2609 parente,

283 2615 426 2677 Cumaeae
442 2633 538 2688 soror,
555 2624 588 2676 ut
602 2624 687 2694 puto,
704 2613 843 2695 Sibyllae,

282 2700 411 2781 aequalis
425 2700 489 2774 tibi,
506 2719 596 2780 qnam
612 2702 733 2762 dc'mum
750 2709 904 2760 revertens

283 2786 415 2848 Theseus
430 2787 565 2867 repperit
580 2789 611 2848 in
628 2804 703 2866 roge
719 2787 876 2857 iacentem,

283 2871 401 2932 infirmo
416 2872 492 2933 solet
507 2872 566 2933 buc
581 2873 675 2950 gradu
691 2870 792 2932 venire

283 2975 464 3036 rugosasque
478 2975 586 3019 manus
600 2957 637 3019 ad
651 2965 730 3019 astra
745 2954 864 3030 tollens,

284 3062 320 3104 ne
336 3042 412 3104 desit
426 3042 492 3121 sibi,
508 3042 671 3104 mentulam
687 3060 803 3122 rogare.

282 3128 422 3191 hesterna
438 3146 558 3208 quoque
573 3129 641 3189 luce
656 3127 725 3189 dum
741 3135 891 3206 precatur,

283 3215 401 3277 dentem
416 3214 453 3276 de
468 3214 565 3275 tribus
580 3214 728 3275 excreavit
741 3231 846 3274 unum.

284 3299 373 3364 ‘tolle’
388 3300 511 3380 inquam
528 3300 645 3379 ‘procul
659 3318 694 3360 ac
708 3297 778 3359 iube
793 3297 885 3358 latere

283 3389 373 3451 scissa
388 3385 446 3447 sub
461 3385 562 3446 tunica
578 3386 714 3464 stolaque
729 3383 805 3461 rufa,

284 3484 316 3535 ut
331 3488 450 3551 semper
464 3470 550 3551 solet,
567 3478 597 3531 et
611 3471 719 3531 timere
735 3468 841 3536 lucem,

285 3560 335 3639 qui
349 3565 434 3618 tanto
449 3563 531 3636 patet
545 3555 688 3618 indecens
703 3554 794 3627 hiatu,

283 3643 407 3707 barbato
423 3659 523 3703 macer
539 3642 691 3702 eminente
707 3656 791 3711 naso,

284 3741 317 3792 ut
332 3728 436 3791 eredas
452 3726 607 3807 Epicuron
624 3723 764 3788 oscitari'.

689 3876 758 3938 Xlll

283 3982 441 4048 Percidere
456 4002 542 4064 puer,
558 4000 686 4044 moneo:
702 3981 820 4042 sutuere
836 3978 952 4059 puellas

304 4068 483 4131 barbatum
497 4045 596 4163 lucem
612 4067 699 4130 tertia
716 4082 813 4147 poena
829 4073 941 4137 manet.

238 4204 300 4257 Xl
319 4208 333 4259 1
352 4216 473 4273 prensare
416 4203 526 4271 4
544 4218 632 4268 rugas
623 4193 713 4268 aliid
725 4197 776 4253 XII
795 4203 808 4253 1
828 4196 917 4250 haud
910 4195 995 4249 iunior
1007 4194 1140 4258 Ηοίιιιίω,
1156 4194 1217 4269 turp

235 4276 294 4326 uim
308 4271 313 4342 Ι
329 4274 345 4326 8
363 4274 440 4325 nccte
457 4203 563 4338 ecdieci
575 4272 585 4337 tl
597 4269 651 4322 Xlll
673 4274 684 4323 1
703 4201 837 4336 precidere
1239 4271 1272 4306 *r-

504 4408 533 4639 l
