3417 4934
388 466 428 524 22
849 464 1003 519 ruruouu

386 639 514 721 experiri
526 638 614 713 volui,
630 657 667 700 an
683 646 746 701 tota
760 637 869 700 familia
881 647 1024 713 cantaret,
1039 638 1139 718 itaque
1153 637 1307 718 potionem
1323 637 1460 718 poposci.
1473 645 1506 699 111

348 737 363 786 6
384 726 586 807 paratissimus
601 743 677 804 puer
693 744 753 786 non
770 725 871 786 minus
885 742 933 784 me
948 723 1031 785 acido
1047 724 1163 786 cantico
1178 723 1305 804 excepit,
1327 731 1358 784 et
1378 723 1462 803 quis·

347 822 361 871 7
385 812 450 891 quis
466 811 574 889 aliquid
591 819 712 889 rogatus
723 819 787 872 erat
801 819 834 872 ut
848 809 933 871 daret
1134 810 1310 888 pantomimi
1323 808 1461 882 chorum,

346 907 361 957 8
384 916 445 958 non
463 896 555 977 patris
569 896 695 957 familiae
711 895 873 957 triclinium
896 894 1043 957 crederes.
1072 893 1159 956 allata
1180 904 1226 957 est
1243 903 1342 956 tamma
1358 904 1458 974 gusta·

383 983 423 1043 tio
446 982 528 1043 valde
549 982 644 1055 lauta;
674 1000 743 1043 nam
770 982 827 1042 iam
855 998 959 1043 omnes
981 978 1195 1042 discubuerant
1219 988 1338 1061 praeter
1360 980 1457 1060 ipsum
1478 996 1490 1045 o

345 1078 360 1127 9
381 1066 641 1141 Trimalchionem,
664 1067 712 1128 cui
727 1067 811 1128 locus
834 1084 913 1128 noro
935 1083 1016 1127 more
1036 1065 1150 1144 primus
1172 1065 1354 1127 servabatur.
1377 1074 1457 1128 cete·

382 1171 448 1214 rum
481 1153 512 1214 in
546 1151 754 1234 promulsidari
789 1152 897 1215 asellus
930 1160 995 1213 erat
1023 1150 1196 1214 Corinthius
1229 1170 1299 1213 cum
1329 1150 1458 1214 bisaccio

381 1238 507 1317 positus,
522 1239 573 1317 qui
588 1238 716 1300 habebat
730 1238 820 1300 olivas
836 1238 867 1298 in
883 1236 974 1298 altera
989 1244 1073 1316 parte
1088 1235 1178 1311 albas,
1193 1236 1224 1299 in
1239 1236 1329 1298 altera
1346 1237 1457 1316 nigras.

329 1323 520 1402 retegebant
543 1323 665 1386 asellum
692 1324 767 1386 duae
792 1323 904 1396 lances,
930 1322 961 1383 in
989 1340 1114 1401 quarum
1134 1321 1318 1401 marginibus
1346 1341 1454 1386 nomen

379 1408 606 1472 Trimalchionis
622 1409 799 1488 inscriptum
815 1417 880 1471 erat
894 1416 925 1469 et
939 1408 1055 1486 argenti
1076 1408 1205 1488 pondus.
1242 1408 1389 1488 ponticuli
1411 1417 1455 1470 et·
1474 1421 1498 1471 10

378 1494 435 1556 iam
457 1495 646 1557 ferruminati
667 1495 857 1558 sustinebant
879 1493 968 1574 glires
990 1493 1077 1554 melle
1098 1512 1134 1554 ac
1155 1512 1301 1574 papavere
1326 1512 1456 1574 sparsos.

327 1590 353 1639 11
376 1580 499 1642 luerunt
532 1590 562 1641 et
594 1581 740 1643 tomacula
774 1597 867 1660 super
899 1578 1071 1640 craticulam
1104 1589 1275 1658 argenteam
1313 1580 1455 1642 ferventia

377 1666 481 1744 posita,
509 1675 539 1728 et
566 1666 644 1728 infra
667 1666 837 1728 craticulam
860 1665 979 1746 Syriaca
1006 1682 1103 1745 pruna
1128 1683 1197 1727 cum
1227 1665 1328 1744 granis
1350 1664 1455 1728 Punici

377 1751 454 1814 mali.

323 1830 366 1897 32
463 1836 494 1898 io
510 1834 556 1897 his
572 1854 690 1897 eramus
704 1832 834 1910 lautitiis,
850 1854 919 1897 cum
931 1834 995 1915 ipse
1006 1834 1186 1897 Trimalchio
1198 1835 1234 1898 ad
1246 1833 1452 1916 symphoniam
1473 1846 1496 1897 13

374 1920 479 1983 allatus
494 1929 539 1982 est
554 1921 728 2001 positusque
743 1920 823 1981 inter
839 1921 990 1983 cervicalia
1013 1920 1209 1983 munitissima
1231 1920 1378 2001 expressit
1398 1920 1453 1982 im·

337 2014 351 2064 2
374 2005 572 2087 prudentibus
598 2007 701 2068 risum.
745 2005 835 2086 pallio
862 2006 942 2068 enim
965 2006 1108 2068 coccineo
1129 2005 1265 2068 adrasum
1289 2005 1455 2068 excluserat

373 2101 464 2172 caput
489 2092 628 2171 circaque
655 2102 793 2153 oneratas
821 2101 902 2153 veste
932 2091 1062 2154 cervices
1091 2091 1264 2154 laticlaviam
1292 2090 1455 2155 immiserat

334 2188 349 2237 3
372 2196 509 2258 mappam
525 2177 650 2239 fimbriis
664 2178 735 2239 hinc
756 2185 845 2256 atque
868 2177 952 2242 illinc
970 2176 1182 2257 pendentibus.
1219 2176 1347 2240 habebat
1367 2177 1454 2239 ctiam

372 2263 403 2325 in
421 2263 546 2325 minimo
562 2263 654 2341 digito
670 2262 807 2324 sinistrae
822 2281 930 2325 manus
944 2261 1067 2326 anulum
1082 2263 1226 2342 grandem
1247 2262 1452 2338 subeuntum,
1472 2275 1497 2325 it

373 2357 505 2411 extremo
527 2368 598 2410 vero
620 2348 746 2410 articulo
768 2347 851 2426 digiti
873 2348 1026 2427 sequentis
1046 2350 1205 2421 minorem,
1227 2358 1260 2410 ut
1278 2349 1351 2410 mihi
1371 2348 1451 2410 vide-

372 2434 469 2504 batur,
492 2444 586 2496 totum
610 2452 746 2513 aureum,
772 2433 825 2496 sed
847 2434 936 2514 plane
958 2433 1064 2496 ferreis
1085 2434 1173 2496 veluti
1195 2434 1288 2498 stellis
1313 2434 1453 2497 ferrumi-

334 2532 349 2581 4
372 2528 482 2585 natum.
523 2529 552 2582 et
573 2539 611 2582 ne
634 2520 687 2583 has
706 2530 821 2582 tantum
847 2520 1020 2582 ostenderet
1033 2520 1158 2591 divitias,
1180 2520 1316 2581 dextrum
1332 2520 1454 2582 nudavit

371 2606 514 2669 lacertum
531 2605 643 2668 armilla
659 2623 748 2668 aurea
770 2604 884 2667 cultum
906 2614 936 2668 et
956 2604 1067 2668 eboreo
1089 2604 1201 2666 circulo
1221 2605 1329 2667 lamina
1350 2605 1453 2686 splen-

319 2688 362 2756 33
374 2692 463 2754 dente
479 2710 606 2754 conexo.
636 2700 669 2755 ut
682 2691 790 2753 deinde
806 2692 900 2771 pinna
915 2702 1055 2770 argentea
1070 2691 1176 2753 dentes
1189 2692 1329 2772 perfodit,
1345 2692 1451 2754 ‘amici'
1472 2703 1499 2753 25

372 2778 471 2857 inquit
486 2778 633 2840 ‘nondum
649 2778 721 2840 mihi
737 2795 826 2839 suave
842 2777 951 2838 eratin
967 2776 1130 2840 triclinium
1143 2777 1254 2848 venire,
1269 2778 1319 2840 sed
1337 2796 1376 2840 ne
1388 2778 1452 2841 diu·

371 2864 430 2925 tius
459 2863 629 2925 absentivos
658 2882 761 2924 morae
786 2861 870 2923 vobis
895 2880 1000 2936 essem,
1028 2881 1149 2925 omnem
1174 2862 1354 2943 voluptatem
1380 2864 1453 2925 mihi

333 2959 347 3009 2
371 2949 484 3027 negari.
520 2948 699 3028 permittetis
713 2957 812 3009 tamen
829 2947 909 3008 finiri
930 2946 1049 3009 lusum'.
1086 2947 1267 3028 sequebatur
1287 2967 1363 3029 puer
1383 2967 1452 3011 cum

370 3033 469 3094 tabula
491 3032 691 3095 terebinthina
714 3040 744 3093 et
765 3032 942 3113 crystallinis
963 3033 1093 3104 tesseris,
1120 3034 1280 3113 notavique
1300 3052 1364 3095 rem
1387 3053 1452 3097 om·

371 3120 454 3181 nium
477 3118 726 3181 delicatissimam.
763 3136 820 3198 pro
842 3117 964 3181 calculis
983 3118 1063 3180 enim
1086 3119 1160 3181 albis
1181 3138 1216 3181 ac
1237 3119 1331 3199 nigris
1345 3138 1453 3182 aureos
1473 3131 1502 3182 33

332 3210 347 3259 3
370 3214 589 3284 argenteosque
604 3204 732 3266 babebat
746 3204 896 3266 denarios.
933 3204 1052 3267 interim
1069 3205 1138 3266 dum
1159 3205 1209 3267 ille
1232 3205 1365 3267 omnium
1388 3213 1453 3267 tex·

371 3302 469 3352 torum
485 3291 563 3352 dicta
578 3290 658 3353 inter
673 3291 771 3353 lusum
786 3289 947 3364 consumit,
969 3290 1159 3369 gustantibus
1178 3292 1275 3353 adhuc
1297 3289 1385 3353 nobis
1404 3310 1452 3353 re-

373 3376 549 3457 positorium
565 3376 685 3438 allatum
701 3384 747 3438 est
761 3393 829 3438 cum
845 3375 947 3449 corbe,
963 3376 994 3437 in
1011 3393 1071 3455 quo
1087 3376 1195 3457 gallina
1210 3383 1274 3438 crat
1286 3375 1385 3456 lignea
1398 3396 1453 3458 pa-

369 3463 502 3523 tentibus
524 3462 554 3522 in
577 3461 679 3523 orbem
703 3462 766 3536 alis,
786 3462 889 3540 quales
911 3480 978 3523 esse
998 3461 1097 3523 solent
1117 3480 1194 3541 quae
1217 3460 1362 3524 incubant
1387 3480 1451 3529 ova.

332 3556 347 3604 4
370 3566 522 3610 accessere
538 3548 683 3609 continuo
699 3548 757 3608 duo
773 3547 848 3609 servi
866 3556 896 3608 et
905 3546 1081 3628 symphonia
1092 3555 1245 3627 strepente
1257 3547 1383 3610 scrutari
1396 3567 1449 3627 pa·
1472 3561 1503 3611 35

371 3635 445 3696 leam
463 3642 629 3713 coeperunt
644 3642 789 3712 erutaque
803 3631 931 3694 subinde
945 3632 1093 3714 pavonina
1110 3651 1163 3694 ova
1175 3633 1298 3695 divisere
1311 3634 1452 3695 convivis.

333 3728 347 3775 5
372 3718 518 3781 convertit
531 3719 568 3780 ad
584 3718 662 3779 hanc
676 3736 814 3780 scaenam
830 3717 1010 3779 Trimalchio
1026 3719 1139 3780 vultum
1154 3728 1184 3780 et
1201 3717 1306 3780 ‘amici’
1328 3720 1369 3780 ait
1389 3723 1452 3800 ‘pa-

373 3806 457 3867 vonis
479 3823 532 3866 ova
555 3804 682 3883 gallinae
698 3804 769 3866 iussi
785 3804 926 3885 supponi.
964 3813 994 3865 ct
1014 3804 1200 3866 mehercules
1221 3805 1310 3866 timeo
1334 3823 1373 3866 ne
1394 3806 1451 3867 iam

458 3972 564 4026 dtumL
577 3971 587 4039 ΙΙ
600 3974 722 4038 epraeter
733 3970 862 4036 nnumHfl
876 3970 967 4022 'linter
976 3971 1173 4037 promulsidaria
1184 3976 1288 4026 conieci
1299 3973 1309 4041 Ι
1323 3974 1451 4041 12snpral

372 4041 496 4093 ferventia
515 4045 661 4107 argenteam
674 4040 685 4106 Ι
699 4042 730 4093 13
743 4044 770 4092 et
780 4055 830 4091 om.
842 4040 866 4091 L
884 4038 894 4106 Ι
916 4040 946 4092 16
958 4039 1129 4093 minutissima
1143 4042 1166 4093 L
1178 4041 1188 4109 fl
1203 4046 1232 4096 li
1250 4042 1390 4096 incluserat
1402 4043 1425 4095 b
1443 4042 1453 4113 ΙΙ

368 4111 401 4161 25
414 4124 557 4162 connexum
570 4107 579 4178 l
594 4111 625 4161 27
644 4123 732 4161 morae
744 4108 819 4160 vobis
855 4124 907 4159 aaa
917 4108 944 4159 H
956 4108 1115 4174 gloaacmoti
1126 4112 1191 4163 lucio
1203 4112 1296 4164 absens
1308 4113 1452 4164 abiuncto

368 4182 431 4228 onte
448 4177 536 4230 venire
554 4176 713 4241 inculcavit,
741 4192 792 4229 om.
804 4175 826 4228 L
838 4125 963 4245 loannem
978 4192 1030 4231 om.
1044 4178 1071 4228 11
1083 4180 1093 4245 Ι
1107 4180 1140 4233 33
1159 4182 1204 4231 aut
1216 4179 1239 4230 L
1250 4178 1260 4245 p
1273 4181 1305 4233 31
1324 4184 1452 4233 testorurn

367 4245 389 4296 b
407 4250 437 4297 tn
456 4262 508 4312 quo
526 4246 594 4299 diota
612 4244 774 4313 intercidit!
787 4247 820 4299 33
839 4260 890 4313 qua
910 4244 932 4296 L
