3417 4934
714 485 871 546 Sfflffl
1292 488 1332 589 9?

201 666 347 721 lounum
362 667 523 736 memento,
539 677 602 724 non
617 678 665 722 me
680 660 733 723 sed
747 660 947 724 instrumenta
962 678 1112 741 peccasse.
1142 669 1262 741 paratus
1276 663 1332 724 mi·

246 743 293 807 les
315 761 397 807 arma
413 763 474 806 non
496 744 598 807 hebui.
636 745 703 825 quis
717 746 776 807 hoc
791 746 963 820 turbaverit,
979 746 1091 809 nescio.
1128 745 1252 809 forsitan
1268 748 1332 810 ani·
1342 758 1369 809 v5

250 847 319 893 mus
333 828 493 892 antecessit
508 829 644 911 corporis
659 849 784 906 monam,
800 832 926 895 forsitan
941 832 1012 893 dum
1028 832 1127 893 omnia
1141 832 1333 912 concupisco,

248 914 433 997 uoluptatem
447 924 584 996 tempore
599 917 782 998 consumpsi.
819 935 881 979 non
897 915 1029 986 invenio,
1049 917 1130 997 quod
1145 917 1211 980 leci.
1248 928 1370 998 para-t

213 1001 327 1083 aipein
343 1010 443 1064 tamen
459 1018 563 1063 carere
583 1000 685 1065 iubes:
706 1010 849 1082 tanquam
871 1020 906 1064 ea
925 1001 1021 1064 maior
1044 1002 1109 1066 lieri
1131 1003 1237 1083 possit,
1259 1023 1335 1083 quae

249 1084 374 1150 ubsttdit
394 1086 475 1162 mihi,
498 1104 554 1167 per
574 1087 654 1166 quod
676 1086 765 1150 etiem
784 1097 815 1152 te
837 1086 948 1150 babere
962 1088 1057 1168 potui.
1097 1106 1214 1150 summa
1234 1098 1333 1151 temen

250 1171 453 1238 excusationis
467 1188 550 1235 meae
564 1171 639 1235 haec
654 1180 715 1236 est:
730 1172 857 1254 placebo
869 1172 933 1249 tibi,
948 1171 973 1235 si
984 1190 1032 1235 me
1043 1172 1163 1254 culpam
1175 1174 1335 1237 emendare

249 1251 434 1339 perm‘neris’
777 1338 794 1376 *

215 1432 235 1485 t
334 1424 340 1511 Ι
359 1426 478 1491 dimissa
497 1445 566 1491 cum
585 1426 732 1491 eiusmodi
753 1428 969 1508 pollicitatione
984 1425 1127 1509 Chryside
1145 1427 1247 1491 curavi
1266 1426 1332 1489 dili·
1353 1439 1368 1489 a

201 1522 231 1575 lu
250 1514 370 1595 pentius
399 1512 640 1576 noxiosissimum
675 1531 796 1594 corpus,
825 1513 995 1594 balneoque
1024 1512 1185 1594 praeterito
1218 1513 1333 1575 modica

250 1599 397 1663 unctione
411 1614 494 1674 usus,
509 1616 579 1660 mox
594 1598 669 1660 cibis
683 1598 877 1661 validioribus
891 1607 1003 1679 pastus,
1027 1598 1056 1660 id
1072 1607 1118 1660 est
1131 1598 1230 1661 bulbis
1244 1599 1334 1660 coch-

250 1684 427 1765 learumque
441 1684 507 1746 sine
521 1684 587 1745 iure
598 1683 773 1757 cervicibus,
788 1685 874 1746 hausi
888 1684 1009 1764 parcius
1024 1701 1150 1745 merum.
1175 1683 1248 1745 hinc
1263 1692 1332 1746 ante
1354 1693 1369 1743 8

250 1786 392 1834 somnum
406 1768 553 1833 levissima
572 1768 775 1831 ambulatione
795 1770 979 1850 compositus
998 1769 1064 1831 sine
1079 1768 1189 1831 Gitone
1210 1769 1334 1831 cubicu-

250 1856 313 1920 lum
338 1854 456 1919 intravi.
499 1862 580 1917 tante
608 1862 672 1917 erat
695 1854 833 1935 placandi
860 1873 941 1930 cura,
965 1862 1000 1916 ut
1018 1854 1165 1934 timerem,
1192 1874 1232 1917 ne
1257 1855 1335 1917 latus

201 1948 231 2002 ll
249 1958 351 2005 meum
365 1940 458 2004 freter
471 1939 663 2003 convelleret.
691 1950 813 2021 postero
830 1939 888 2015 die,
903 1958 973 2002 cum
987 1940 1053 2002 sine
1069 1940 1183 2002 offensa
1198 1934 1401 2021 corporisl3l

249 2026 403 2107 animique
417 2026 683 2104 consurrexissem,
703 2025 735 2087 in
751 2025 882 2088 eundem
897 2026 1058 2106 platanona
1073 2026 1224 2102 descendi,
1247 2026 1334 2087 etiam

250 2112 275 2176 si
289 2111 391 2174 locum
406 2110 625 2190 inauspicatum
641 2110 792 2191 timebam,
815 2111 962 2191 coepique
983 2112 1064 2172 inter
1083 2110 1207 2174 arbores
1228 2112 1334 2173 ducem

249 2196 367 2260 itineris
392 2204 549 2277 expectare
575 2194 757 2276 Chrysidem.
802 2214 860 2258 nec
885 2196 936 2257 diu
959 2196 1102 2277 spatiatus
1128 2196 1333 2272 consederam,
1355 2205 1369 2255 2
1475 2244 1478 2248 .

249 2281 302 2346 ubi
316 2282 461 2346 hesterno
475 2280 524 2343 die
538 2282 662 2357 fueram,
682 2299 750 2342 cum
772 2281 820 2344 illu
839 2281 922 2344 intus
936 2281 1018 2343 venit
1031 2282 1171 2344 comitem
1186 2282 1334 2344 aniculam

201 2375 231 2428 at
249 2368 384 2432 trahens
414 2374 505 2447 atque
518 2377 552 2429 ut
566 2384 615 2429 me
631 2366 835 2440 consalutauit,
859 2366 939 2446 ‘quid
954 2363 1010 2430 est’
1024 2366 1123 2446 inquit
1137 2368 1266 2441 testere,
1282 2386 1332 2429 ec·
1353 2375 1369 2425 a

251 2452 326 2535 qnid
339 2452 451 2516 bonam
466 2460 597 2514 mentem
613 2451 724 2514 habere
739 2449 895 2532 coepisti‘l'

336 2538 387 2600 illa
402 2538 439 2600 de
453 2537 522 2600 sinu
541 2536 642 2600 licium
661 2536 786 2618 protulit
804 2537 877 2599 varii
897 2536 1007 2599 coloris
1025 2536 1083 2598 iilis
1104 2537 1250 2599 intortum
1266 2555 1332 2599 cer·
1354 2546 1369 2596 4

249 2622 408 2704 vicumque
421 2622 516 2685 vinxit
537 2640 644 2684 meam
681 2639 750 2684 mox
772 2622 926 2684 turbatum
949 2629 1038 2703 sputo
1060 2622 1212 2702 pulverem
1235 2621 1334 2684 medio

250 2708 373 2774 uendit
386 2707 479 2787 digito
495 2709 687 2788 frontemque
702 2709 900 2789 repugnantis
914 2707 1040 2788 signavit

201 2875 231 2946 ὃ
337 2878 396 2942 boc
417 2885 540 2960 peracto
563 2877 695 2940 carmine
714 2886 762 2939 ter
781 2896 830 2939 me
849 2877 937 2940 iussit
951 2895 1082 2958 expuere
1096 2884 1203 2956 terque
1217 2875 1333 2956 lapillos
1354 2888 1369 2937 5

251 2964 393 3027 conicere
414 2963 447 3025 in
467 2963 577 3038 sinum,
600 2980 676 3042 quos
695 2962 759 3043 ipsa
782 2971 992 3043 praecantatos
1013 2979 1147 3043 purpura
1161 2961 1333 3036 involverat,

201 3097 204 3126 ;
251 3048 438 3129 admotisque
453 3048 593 3110 manibus
607 3056 752 3130 temptare
764 3050 865 3129 coepit
879 3047 1037 3128 inguinum
1047 3048 1135 3109 vires.
1157 3047 1333 3109 dictocitius
1353 3057 1369 3107 o

201 3139 206 3216 ᾗ
252 3134 335 3198 nervi
349 3140 518 3217 paruerunt
531 3133 659 3213 imperio
673 3151 840 3213 manusque
854 3133 990 3196 aniculae
1004 3132 1121 3213 ingenti
1136 3142 1220 3194 motu
1235 3132 1333 3213 reple·

249 3228 371 3284 verunt
399 3226 430 3281 ut
443 3218 492 3282 ille
506 3219 615 3297 gaudio
631 3218 766 3281 exultans
781 3216 881 3281 ‘vides’
896 3219 994 3298 inquit
1008 3216 1139 3299 ‘Chrysis
1152 3236 1227 3296 mea,
1242 3217 1332 3295 vides,
1354 3228 1368 3277 τ

254 3305 335 3387 quod
349 3304 415 3368 eliis
429 3305 563 3385 leporem
578 3301 732 3366 excitari‘l'

785 3409 803 3448 t

355 3470 360 3557 Ι
381 3473 491 3539 nobilis
505 3475 630 3537 aestivas
644 3473 781 3556 platanus
796 3473 955 3536 diffuderat
968 3472 1091 3534 umbras
1353 3482 1368 3532 8

381 3566 411 3621 et
425 3558 507 3622 bacis
521 3560 657 3623 redimita
672 3560 797 3641 Daphne
811 3559 1017 3638 tremulaeque
1033 3576 1193 3637 cupressus

381 3653 413 3706 et
427 3644 540 3707 circum
556 3654 661 3708 tonsae
675 3644 838 3725 trepidanti
852 3644 963 3707 vertice
977 3643 1078 3724 pinus.

380 3730 434 3792 hus
446 3730 529 3793 inter
542 3729 663 3794 ludebat
677 3731 761 3810 aquis
776 3729 945 3793 errantibus
960 3730 1057 3790 amnis

380 3833 524 3896 spumeus
538 3825 568 3878 et
583 3816 710 3896 querulo
725 3814 848 3877 vexabat
863 3832 933 3877 rore
947 3814 1073 3895 lapillos.

381 3899 491 3981 dignus
505 3919 607 3964 amore
622 3902 724 3964 locus:
739 3900 823 3963 testis
838 3900 979 3963 silvestris
994 3897 1090 3959 aedon

333 4122 413 4185 bae]
428 4119 480 4172 ium
498 4119 570 4187 libri,
594 4119 857 4173 maurentionem
876 4120 886 4185 ΙΙ
908 4116 1021 4171 betium
1044 4131 1095 4169 om.
1114 4114 1307 4182 Scals'geranue

201 4201 202 4208 ’
247 4192 280 4245 ld
297 4187 436 4244 lemida
456 4186 642 4241 Tmesiana
655 4189 666 4255 l
679 4191 713 4243 14
728 4186 848 4251 sortem
864 4185 984 4253 plecendl
995 4185 1085 4238 dircen
1097 4183 1108 4252 l
1122 4186 1154 4238 19
1172 4183 1310 4237 intervenit

245 4258 279 4313 ts
295 4256 453 4325 repulerunt
468 4256 583 4308 ›Iahuim
594 4254 604 4325 i
617 4258 652 4311 30
670 4272 746 4327 quem
758 4253 882 4309 Nodotru
894 4255 904 4321 fl
916 4257 950 4308 ab
967 4252 1091 4307 renuebat
1108 4253 1299 4307 Postumiana

294 4346 600 4395 humamanam
1132 4341 1150 4391 'l
