<?xml version="1.0" encoding="UTF-8"?>
<!DOCTYPE html PUBLIC "-//W3C//DTD XHTML 1.0 Transitional//EN"
    "http://www.w3.org/TR/xhtml1/DTD/xhtml1-transitional.dtd">
<html xmlns="http://www.w3.org/1999/xhtml" xml:lang="en" lang="en">
 <head>
  <title>
</title>
<meta http-equiv="Content-Type" content="text/html;charset=utf-8" />
  <meta name='ocr-system' content='tesseract 3.04.00' />
  <meta name='ocr-capabilities' content='ocr_page ocr_carea ocr_par ocr_line ocrx_word'/>
</head>
<body>
  <div class='ocr_page' id='page_1' title='image "./petroniisaturae00varrgoog_0087.png"; bbox 0 0 3417 4934; ppageno 0'>
   <div class='ocr_carea' id='block_1_1' title="bbox 728 472 1343 535">
    <p class='ocr_par' dir='ltr' id='par_1_1' title="bbox 728 472 1343 535">
     <span class='ocr_line' id='line_1_1' title="bbox 728 472 1343 535; baseline -0.007 -8"><span class='ocrx_word' id='word_1_1' title='bbox 728 472 884 527; x_wconf 73' lang='lat' dir='ltr'>SATVRAE</span> <span class='ocrx_word' id='word_1_2' title='bbox 1303 475 1343 535; x_wconf 83' lang='grc'><strong>73</strong></span> 
     </span>
    </p>
   </div>
   <div class='ocr_carea' id='block_1_2' title="bbox 205 646 1410 4059">
    <p class='ocr_par' dir='ltr' id='par_1_2' title="bbox 212 646 1345 811">
     <span class='ocr_line' id='line_1_2' title="bbox 212 646 1345 730; baseline 0.003 -21"><span class='ocrx_word' id='word_1_3' title='bbox 212 664 240 717; x_wconf 78' lang='lat'><strong>1,</strong></span> <span class='ocrx_word' id='word_1_4' title='bbox 256 665 326 710; x_wconf 91' lang='lat' dir='ltr'><strong>mus</strong></span> <span class='ocrx_word' id='word_1_5' title='bbox 341 665 401 709; x_wconf 87' lang='lat' dir='ltr'><strong>nos</strong></span> <span class='ocrx_word' id='word_1_6' title='bbox 415 654 583 708; x_wconf 75' lang='lat' dir='ltr'><strong>extremm</strong></span> <span class='ocrx_word' id='word_1_7' title='bbox 597 646 750 709; x_wconf 88' lang='lat' dir='ltr'><strong>solacium.</strong></span> <span class='ocrx_word' id='word_1_8' title='bbox 777 664 860 708; x_wconf 88' lang='lat' dir='ltr'><strong>nunc</strong></span> <span class='ocrx_word' id='word_1_9' title='bbox 874 647 1000 711; x_wconf 87' lang='lat' dir='ltr'><strong>mimicis</strong></span> <span class='ocrx_word' id='word_1_10' title='bbox 1011 648 1126 712; x_wconf 90' lang='lat' dir='ltr'><strong>artibus</strong></span> <span class='ocrx_word' id='word_1_11' title='bbox 1140 648 1225 730; x_wconf 88' lang='lat' dir='ltr'><strong>petiti</strong></span> <span class='ocrx_word' id='word_1_12' title='bbox 1240 668 1345 713; x_wconf 88' lang='lat' dir='ltr'><strong>sumus</strong></span> 
     </span>
     <span class='ocr_line' id='line_1_3' title="bbox 256 730 812 811; baseline 0.002 -16"><span class='ocrx_word' id='word_1_13' title='bbox 256 742 289 795; x_wconf 91' lang='lat' dir='ltr'><strong>et</strong></span> <span class='ocrx_word' id='word_1_14' title='bbox 301 731 478 795; x_wconf 88' lang='lat' dir='ltr'><strong>adumbrata</strong></span> <span class='ocrx_word' id='word_1_15' title='bbox 493 731 689 811; x_wconf 75' lang='lat' dir='ltr'><strong>inscriptione</strong></span> <span class='ocrx_word' id='word_1_16' title='bbox 704 730 812 796; x_wconf 87' lang='lat' dir='ltr'><strong>derisi&#39;.</strong></span> 
     </span>
    </p>

    <p class='ocr_par' dir='ltr' id='par_1_3' title="bbox 257 815 1378 985">
     <span class='ocr_line' id='line_1_4' title="bbox 343 815 1378 901; baseline 0.001 -23"><span class='ocrx_word' id='word_1_17' title='bbox 343 816 462 879; x_wconf 81' lang='lat' dir='ltr'><strong>volebat</strong></span> <span class='ocrx_word' id='word_1_18' title='bbox 483 815 661 897; x_wconf 77' lang='lat' dir='ltr'><strong>Tryphaena</strong></span> <span class='ocrx_word' id='word_1_19' title='bbox 689 816 840 890; x_wconf 90' lang='lat' dir='ltr'><strong>misereri,</strong></span> <span class='ocrx_word' id='word_1_20' title='bbox 870 819 939 897; x_wconf 89' lang='lat' dir='ltr'><strong>quia</strong></span> <span class='ocrx_word' id='word_1_21' title='bbox 962 838 1024 880; x_wconf 92' lang='lat' dir='ltr'><strong>non</strong></span> <span class='ocrx_word' id='word_1_22' title='bbox 1047 828 1139 881; x_wconf 92' lang='lat' dir='ltr'><strong>totam</strong></span> <span class='ocrx_word' id='word_1_23' title='bbox 1161 820 1343 901; x_wconf 87' lang='lat' dir='ltr'><strong>voluptatem</strong></span> <span class='ocrx_word' id='word_1_24' title='bbox 1364 830 1378 879; x_wconf 80' lang='lat'>2</span> 
     </span>
     <span class='ocr_line' id='line_1_5' title="bbox 257 901 1344 985; baseline 0.003 -21"><span class='ocrx_word' id='word_1_25' title='bbox 257 902 440 983; x_wconf 72' lang='lat' dir='ltr'><strong>perdiderat,</strong></span> <span class='ocrx_word' id='word_1_26' title='bbox 454 903 507 965; x_wconf 90' lang='lat' dir='ltr'><strong>sed</strong></span> <span class='ocrx_word' id='word_1_27' title='bbox 522 901 628 965; x_wconf 90' lang='lat' dir='ltr'><strong>Lichas</strong></span> <span class='ocrx_word' id='word_1_28' title='bbox 642 920 758 964; x_wconf 90' lang='lat' dir='ltr'><strong>memor</strong></span> <span class='ocrx_word' id='word_1_29' title='bbox 772 902 870 965; x_wconf 91' lang='lat' dir='ltr'><strong>adhuc</strong></span> <span class='ocrx_word' id='word_1_30' title='bbox 889 903 992 966; x_wconf 85' lang='lat' dir='ltr'><strong>uxoris</strong></span> <span class='ocrx_word' id='word_1_31' title='bbox 1012 914 1172 985; x_wconf 79' lang='lat' dir='ltr'>corruptae</span> <span class='ocrx_word' id='word_1_32' title='bbox 1187 913 1344 969; x_wconf 87' lang='lat' dir='ltr'><strong>contume-</strong></span> 
     </span>
    </p>

    <p class='ocr_par' dir='ltr' id='par_1_4' title="bbox 222 987 1379 1412">
     <span class='ocr_line' id='line_1_6' title="bbox 222 987 1343 1069; baseline 0 -17"><span class='ocrx_word' id='word_1_33' title='bbox 222 1002 236 1052; x_wconf 82' lang='lat' dir='ltr'><strong>t</strong></span> <span class='ocrx_word' id='word_1_34' title='bbox 255 989 437 1067; x_wconf 72' lang='lat' dir='ltr'><strong>limumque,</strong></span> <span class='ocrx_word' id='word_1_35' title='bbox 452 1006 526 1068; x_wconf 87' lang='lat' dir='ltr'><strong>quas</strong></span> <span class='ocrx_word' id='word_1_36' title='bbox 541 987 573 1049; x_wconf 93' lang='lat' dir='ltr'><strong>in</strong></span> <span class='ocrx_word' id='word_1_37' title='bbox 585 987 724 1050; x_wconf 83' lang='lat' dir='ltr'><strong>Herculis</strong></span> <span class='ocrx_word' id='word_1_38' title='bbox 734 988 854 1068; x_wconf 90' lang='lat' dir='ltr'><strong>porticu</strong></span> <span class='ocrx_word' id='word_1_39' title='bbox 867 1000 1037 1069; x_wconf 85' lang='lat' dir='ltr'><strong>acceperat,</strong></span> <span class='ocrx_word' id='word_1_40' title='bbox 1048 991 1169 1052; x_wconf 86' lang='lat' dir='ltr'><strong>turbato</strong></span> <span class='ocrx_word' id='word_1_41' title='bbox 1184 991 1343 1052; x_wconf 86' lang='lat' dir='ltr'><strong>vehemen-</strong></span> 
     </span>
     <span class='ocr_line' id='line_1_7' title="bbox 257 1072 1379 1157; baseline -0.003 -21"><span class='ocrx_word' id='word_1_42' title='bbox 257 1074 318 1137; x_wconf 84' lang='lat' dir='ltr'><strong>tius</strong></span> <span class='ocrx_word' id='word_1_43' title='bbox 332 1074 419 1136; x_wconf 81' lang='lat' dir='ltr'><strong>vultu</strong></span> <span class='ocrx_word' id='word_1_44' title='bbox 433 1072 612 1154; x_wconf 77' lang='lat' dir='ltr'><strong>proclamat:</strong></span> <span class='ocrx_word' id='word_1_45' title='bbox 629 1074 711 1136; x_wconf 89' lang='lat' dir='ltr'><strong>‘deos</strong></span> <span class='ocrx_word' id='word_1_46' title='bbox 726 1073 909 1137; x_wconf 90' lang='lat' dir='ltr'><strong>immortales</strong></span> <span class='ocrx_word' id='word_1_47' title='bbox 924 1092 1026 1137; x_wconf 88' lang='lat' dir='ltr'><strong>rerum</strong></span> <span class='ocrx_word' id='word_1_48' title='bbox 1040 1076 1238 1139; x_wconf 88' lang='lat' dir='ltr'><strong>humanarum</strong></span> <span class='ocrx_word' id='word_1_49' title='bbox 1254 1094 1343 1157; x_wconf 89' lang='lat' dir='ltr'><strong>agere</strong></span> <span class='ocrx_word' id='word_1_50' title='bbox 1364 1086 1379 1133; x_wconf 83' lang='lat'><strong>3</strong></span> 
     </span>
     <span class='ocr_line' id='line_1_8' title="bbox 257 1157 1345 1241; baseline 0.002 -19"><span class='ocrx_word' id='word_1_51' title='bbox 257 1177 373 1232; x_wconf 86' lang='lat' dir='ltr'><strong>curam,</strong></span> <span class='ocrx_word' id='word_1_52' title='bbox 388 1168 473 1240; x_wconf 85' lang='lat' dir='ltr'><strong>puto,</strong></span> <span class='ocrx_word' id='word_1_53' title='bbox 488 1157 670 1234; x_wconf 73' lang='lat' dir='ltr'><strong>intellexisti,</strong></span> <span class='ocrx_word' id='word_1_54' title='bbox 687 1158 905 1240; x_wconf 80' lang='lat' dir='ltr'><strong>oTryphaena.</strong></span> <span class='ocrx_word' id='word_1_55' title='bbox 936 1178 1005 1222; x_wconf 85' lang='lat' dir='ltr'><strong>nam</strong></span> <span class='ocrx_word' id='word_1_56' title='bbox 1018 1160 1223 1241; x_wconf 85' lang='lat' dir='ltr'><strong>imprudentes</strong></span> <span class='ocrx_word' id='word_1_57' title='bbox 1238 1162 1345 1224; x_wconf 82' lang='lat' dir='ltr'><strong>noxios</strong></span> 
     </span>
     <span class='ocr_line' id='line_1_9' title="bbox 258 1243 1345 1325; baseline 0.002 -18"><span class='ocrx_word' id='word_1_58' title='bbox 258 1245 289 1307; x_wconf 93' lang='lat' dir='ltr'><strong>in</strong></span> <span class='ocrx_word' id='word_1_59' title='bbox 304 1256 448 1307; x_wconf 85' lang='lat' dir='ltr'><strong>nostrum</strong></span> <span class='ocrx_word' id='word_1_60' title='bbox 461 1243 607 1306; x_wconf 81' lang='lat' dir='ltr'><strong>induxere</strong></span> <span class='ocrx_word' id='word_1_61' title='bbox 622 1244 783 1325; x_wconf 81' lang='lat' dir='ltr'><strong>navigium,</strong></span> <span class='ocrx_word' id='word_1_62' title='bbox 805 1254 836 1306; x_wconf 91' lang='lat' dir='ltr'><strong>et</strong></span> <span class='ocrx_word' id='word_1_63' title='bbox 857 1245 929 1324; x_wconf 91' lang='lat' dir='ltr'><strong>quid</strong></span> <span class='ocrx_word' id='word_1_64' title='bbox 949 1246 1100 1319; x_wconf 79' lang='lat' dir='ltr'><strong>iecissent,</strong></span> <span class='ocrx_word' id='word_1_65' title='bbox 1122 1247 1345 1309; x_wconf 87' lang='lat' dir='ltr'><strong>admonuerunt</strong></span> 
     </span>
     <span class='ocr_line' id='line_1_10' title="bbox 257 1329 1344 1412; baseline 0.002 -20"><span class='ocrx_word' id='word_1_66' title='bbox 257 1330 322 1412; x_wconf 88' lang='lat' dir='ltr'><strong>pari</strong></span> <span class='ocrx_word' id='word_1_67' title='bbox 337 1329 527 1392; x_wconf 90' lang='lat' dir='ltr'><strong>somniorum</strong></span> <span class='ocrx_word' id='word_1_68' title='bbox 542 1348 704 1393; x_wconf 89' lang='lat' dir='ltr'><strong>consensu.</strong></span> <span class='ocrx_word' id='word_1_69' title='bbox 733 1330 775 1392; x_wconf 89' lang='lat' dir='ltr'><strong>ita</strong></span> <span class='ocrx_word' id='word_1_70' title='bbox 790 1330 866 1404; x_wconf 86' lang='lat' dir='ltr'><strong>ride,</strong></span> <span class='ocrx_word' id='word_1_71' title='bbox 887 1339 922 1392; x_wconf 88' lang='lat' dir='ltr'><strong>ut</strong></span> <span class='ocrx_word' id='word_1_72' title='bbox 935 1331 1031 1412; x_wconf 89' lang='lat' dir='ltr'><strong>possit</strong></span> <span class='ocrx_word' id='word_1_73' title='bbox 1045 1330 1102 1393; x_wconf 89' lang='lat' dir='ltr'><strong>illis</strong></span> <span class='ocrx_word' id='word_1_74' title='bbox 1117 1332 1243 1412; x_wconf 82' lang='lat' dir='ltr'><strong>ignosci,</strong></span> <span class='ocrx_word' id='word_1_75' title='bbox 1267 1351 1344 1412; x_wconf 89' lang='lat' dir='ltr'><strong>quos</strong></span> 
     </span>
    </p>

    <p class='ocr_par' dir='ltr' id='par_1_5' title="bbox 205 1414 1377 1839">
     <span class='ocr_line' id='line_1_11' title="bbox 205 1414 1341 1496; baseline 0 -18"><span class='ocrx_word' id='word_1_76' title='bbox 205 1425 239 1478; x_wconf 77' lang='lat' dir='ltr'><strong>tt</strong></span> <span class='ocrx_word' id='word_1_77' title='bbox 257 1417 293 1479; x_wconf 88' lang='lat' dir='ltr'><strong>ad</strong></span> <span class='ocrx_word' id='word_1_78' title='bbox 314 1433 448 1496; x_wconf 89' lang='lat' dir='ltr'><strong>poenam</strong></span> <span class='ocrx_word' id='word_1_79' title='bbox 469 1414 534 1496; x_wconf 91' lang='lat' dir='ltr'><strong>ipse</strong></span> <span class='ocrx_word' id='word_1_80' title='bbox 555 1414 629 1478; x_wconf 91' lang='lat' dir='ltr'><strong>deus</strong></span> <span class='ocrx_word' id='word_1_81' title='bbox 651 1415 782 1477; x_wconf 85' lang='lat' dir='ltr'><strong>deduxit.</strong></span> <span class='ocrx_word' id='word_1_82' title='bbox 827 1416 908 1495; x_wconf 90' lang='lat' dir='ltr'><strong>quod</strong></span> <span class='ocrx_word' id='word_1_83' title='bbox 929 1417 965 1477; x_wconf 92' lang='lat' dir='ltr'><strong>ad</strong></span> <span class='ocrx_word' id='word_1_84' title='bbox 987 1434 1035 1478; x_wconf 91' lang='lat' dir='ltr'><strong>me</strong></span> <span class='ocrx_word' id='word_1_85' title='bbox 1050 1418 1165 1489; x_wconf 85' lang='lat' dir='ltr'><strong>attinet,</strong></span> <span class='ocrx_word' id='word_1_86' title='bbox 1189 1436 1251 1478; x_wconf 94' lang='lat' dir='ltr'><strong>non</strong></span> <span class='ocrx_word' id='word_1_87' title='bbox 1274 1435 1341 1480; x_wconf 89' lang='lat' dir='ltr'><strong>sum</strong></span> 
     </span>
     <span class='ocr_line' id='line_1_12' title="bbox 257 1500 1377 1583; baseline -0.001 -20"><span class='ocrx_word' id='word_1_88' title='bbox 257 1501 398 1577; x_wconf 83' lang='lat' dir='ltr'><strong>cnrdelis,</strong></span> <span class='ocrx_word' id='word_1_89' title='bbox 408 1500 588 1575; x_wconf 80' lang='lat' dir='ltr'><strong>sedrareor,</strong></span> <span class='ocrx_word' id='word_1_90' title='bbox 604 1518 644 1562; x_wconf 93' lang='lat' dir='ltr'><strong>ne</strong></span> <span class='ocrx_word' id='word_1_91' title='bbox 655 1500 736 1580; x_wconf 87' lang='lat' dir='ltr'><strong>quod</strong></span> <span class='ocrx_word' id='word_1_92' title='bbox 747 1500 904 1576; x_wconf 91' lang='lat' dir='ltr'><strong>remisero,</strong></span> <span class='ocrx_word' id='word_1_93' title='bbox 918 1501 1033 1583; x_wconf 89' lang='lat' dir='ltr'><strong>patiar&#39;.</strong></span> <span class='ocrx_word' id='word_1_94' title='bbox 1062 1513 1122 1563; x_wconf 74' lang='lat' dir='ltr'><strong>mm</strong></span> <span class='ocrx_word' id='word_1_95' title='bbox 1134 1502 1341 1582; x_wconf 89' lang='lat' dir='ltr'><strong>superstitiosa</strong></span> <span class='ocrx_word' id='word_1_96' title='bbox 1362 1512 1377 1562; x_wconf 83' lang='grc'>4</span> 
     </span>
     <span class='ocr_line' id='line_1_13' title="bbox 258 1585 1342 1668; baseline 0.002 -20"><span class='ocrx_word' id='word_1_97' title='bbox 258 1586 395 1648; x_wconf 88' lang='lat' dir='ltr'><strong>oratione</strong></span> <span class='ocrx_word' id='word_1_98' title='bbox 417 1585 596 1667; x_wconf 64' lang='lat' dir='ltr'><strong>hypasim</strong></span> <span class='ocrx_word' id='word_1_99' title='bbox 623 1594 737 1648; x_wconf 88' lang='lat' dir='ltr'><strong>mutata</strong></span> <span class='ocrx_word' id='word_1_100' title='bbox 767 1594 855 1666; x_wconf 90' lang='lat' dir='ltr'><strong>negat</strong></span> <span class='ocrx_word' id='word_1_101' title='bbox 883 1606 916 1649; x_wconf 90' lang='lat' dir='ltr'><strong>se</strong></span> <span class='ocrx_word' id='word_1_102' title='bbox 939 1587 1130 1667; x_wconf 86' lang='lat' dir='ltr'><strong>interpellare</strong></span> <span class='ocrx_word' id='word_1_103' title='bbox 1151 1587 1342 1668; x_wconf 90' lang='lat' dir='ltr'><strong>supplicium,</strong></span> 
     </span>
     <span class='ocr_line' id='line_1_14' title="bbox 257 1671 1344 1753; baseline 0.001 -20"><span class='ocrx_word' id='word_1_104' title='bbox 257 1673 348 1733; x_wconf 91' lang='lat' dir='ltr'><strong>immo</strong></span> <span class='ocrx_word' id='word_1_105' title='bbox 370 1672 515 1734; x_wconf 87' lang='lat' dir='ltr'><strong>accedere</strong></span> <span class='ocrx_word' id='word_1_106' title='bbox 535 1671 624 1733; x_wconf 87' lang='lat' dir='ltr'><strong>etiam</strong></span> <span class='ocrx_word' id='word_1_107' title='bbox 645 1672 824 1734; x_wconf 88' lang='lat' dir='ltr'><strong>iustissimae</strong></span> <span class='ocrx_word' id='word_1_108' title='bbox 842 1672 959 1738; x_wconf 83' lang='lat' dir='ltr'><strong>ultioni.</strong></span> <span class='ocrx_word' id='word_1_109' title='bbox 988 1691 1045 1734; x_wconf 90' lang='lat' dir='ltr'><strong>neo</strong></span> <span class='ocrx_word' id='word_1_110' title='bbox 1067 1691 1100 1735; x_wconf 87' lang='lat' dir='ltr'><strong>se</strong></span> <span class='ocrx_word' id='word_1_111' title='bbox 1123 1673 1222 1735; x_wconf 90' lang='lat' dir='ltr'><strong>minus</strong></span> <span class='ocrx_word' id='word_1_112' title='bbox 1236 1673 1344 1753; x_wconf 90' lang='lat' dir='ltr'><strong>grandi</strong></span> 
     </span>
     <span class='ocr_line' id='line_1_15' title="bbox 258 1757 1344 1839; baseline 0.005 -25"><span class='ocrx_word' id='word_1_113' title='bbox 258 1765 391 1819; x_wconf 72' lang='lat' dir='ltr'><strong>rexamm</strong></span> <span class='ocrx_word' id='word_1_114' title='bbox 404 1757 514 1819; x_wconf 88' lang='lat' dir='ltr'><strong>iniuria</strong></span> <span class='ocrx_word' id='word_1_115' title='bbox 529 1775 619 1837; x_wconf 90' lang='lat' dir='ltr'><strong>quam</strong></span> <span class='ocrx_word' id='word_1_116' title='bbox 633 1757 764 1832; x_wconf 84' lang='lat' dir='ltr'><strong>Licham,</strong></span> <span class='ocrx_word' id='word_1_117' title='bbox 780 1757 866 1819; x_wconf 86' lang='lat' dir='ltr'><strong>euius</strong></span> <span class='ocrx_word' id='word_1_118' title='bbox 877 1758 1001 1839; x_wconf 89' lang='lat' dir='ltr'><strong>pudoris</strong></span> <span class='ocrx_word' id='word_1_119' title='bbox 1012 1757 1140 1838; x_wconf 80' lang='lat' dir='ltr'><strong>dignitas</strong></span> <span class='ocrx_word' id='word_1_120' title='bbox 1153 1758 1185 1820; x_wconf 94' lang='lat' dir='ltr'><strong>in</strong></span> <span class='ocrx_word' id='word_1_121' title='bbox 1202 1759 1344 1820; x_wconf 91' lang='lat' dir='ltr'><strong>contione</strong></span> 
     </span>
    </p>

    <p class='ocr_par' dir='ltr' id='par_1_6' title="bbox 218 1842 810 1983">
     <span class='ocr_line' id='line_1_16' title="bbox 218 1842 482 1923; baseline 0 -20"><span class='ocrx_word' id='word_1_122' title='bbox 218 1851 242 1903; x_wconf 83' lang='lat' dir='ltr'><strong>tt</strong></span> <span class='ocrx_word' id='word_1_123' title='bbox 259 1842 482 1923; x_wconf 79' lang='lat' dir='ltr'><strong>proscripturit</strong></span> 
     </span>
     <span class='ocr_line' id='line_1_17' title="bbox 790 1946 810 1983; baseline 0 0"><span class='ocrx_word' id='word_1_124' title='bbox 790 1946 810 1983; x_wconf 62' lang='lat'><strong>{-</strong></span> 
     </span>
    </p>

    <p class='ocr_par' dir='ltr' id='par_1_7' title="bbox 256 2008 1410 2350">
     <span class='ocr_line' id='line_1_18' title="bbox 342 2008 1410 2092; baseline 0.005 -19"><span class='ocrx_word' id='word_1_125' title='bbox 342 2017 414 2086; x_wconf 87' lang='lat' dir='ltr'><strong>‘me,</strong></span> <span class='ocrx_word' id='word_1_126' title='bbox 430 2022 464 2074; x_wconf 93' lang='lat' dir='ltr'><strong>ut</strong></span> <span class='ocrx_word' id='word_1_127' title='bbox 477 2022 562 2091; x_wconf 87' lang='lat' dir='ltr'><strong>puto,</strong></span> <span class='ocrx_word' id='word_1_128' title='bbox 576 2012 731 2074; x_wconf 92' lang='lat' dir='ltr'><strong>hominem</strong></span> <span class='ocrx_word' id='word_1_129' title='bbox 747 2032 809 2075; x_wconf 92' lang='lat' dir='ltr'><strong>non</strong></span> <span class='ocrx_word' id='word_1_130' title='bbox 825 2013 973 2092; x_wconf 91' lang='lat' dir='ltr'><strong>ignotum,</strong></span> <span class='ocrx_word' id='word_1_131' title='bbox 993 2012 1150 2092; x_wconf 88' lang='lat' dir='ltr'><strong>elegerunt</strong></span> <span class='ocrx_word' id='word_1_132' title='bbox 1169 2011 1279 2073; x_wconf 93' lang='lat' dir='ltr'><strong>adhoc</strong></span> <span class='ocrx_word' id='word_1_133' title='bbox 1295 2008 1410 2077; x_wconf 62' lang='lat' dir='ltr'><strong>rof-107</strong></span> 
     </span>
     <span class='ocr_line' id='line_1_19' title="bbox 257 2092 1342 2183; baseline -0.003 -23"><span class='ocrx_word' id='word_1_134' title='bbox 257 2098 356 2160; x_wconf 82' lang='lat' dir='ltr'><strong>ficium</strong></span> <span class='ocrx_word' id='word_1_135' title='bbox 381 2092 534 2183; x_wconf 87' lang='lat' dir='ltr'><strong>[legatum]</strong></span> <span class='ocrx_word' id='word_1_136' title='bbox 563 2098 785 2178; x_wconf 84' lang='lat' dir='ltr'><strong>petieruntque,</strong></span> <span class='ocrx_word' id='word_1_137' title='bbox 815 2108 849 2160; x_wconf 92' lang='lat' dir='ltr'><strong>ut</strong></span> <span class='ocrx_word' id='word_1_138' title='bbox 877 2116 910 2160; x_wconf 89' lang='lat' dir='ltr'><strong>se</strong></span> <span class='ocrx_word' id='word_1_139' title='bbox 931 2098 1160 2161; x_wconf 86' lang='lat' dir='ltr'><strong>reconciliarem</strong></span> <span class='ocrx_word' id='word_1_140' title='bbox 1181 2096 1342 2176; x_wconf 89' lang='lat' dir='ltr'><strong>aliquando</strong></span> 
     </span>
     <span class='ocr_line' id='line_1_20' title="bbox 256 2182 1377 2264; baseline -0.003 -19"><span class='ocrx_word' id='word_1_141' title='bbox 256 2183 454 2246; x_wconf 76' lang='lat' dir='ltr'><strong>amicissimis</strong></span> <span class='ocrx_word' id='word_1_142' title='bbox 485 2183 542 2245; x_wconf 91' lang='lat' dir='ltr'><strong>nisi</strong></span> <span class='ocrx_word' id='word_1_143' title='bbox 561 2183 639 2245; x_wconf 83' lang='lat' dir='ltr'><strong>torte</strong></span> <span class='ocrx_word' id='word_1_144' title='bbox 660 2184 771 2264; x_wconf 89' lang='lat' dir='ltr'><strong>putatis</strong></span> <span class='ocrx_word' id='word_1_145' title='bbox 792 2184 914 2246; x_wconf 83' lang='lat' dir='ltr'><strong>iuvenes</strong></span> <span class='ocrx_word' id='word_1_146' title='bbox 934 2201 1006 2247; x_wconf 89' lang='lat' dir='ltr'><strong>casu</strong></span> <span class='ocrx_word' id='word_1_147' title='bbox 1026 2184 1058 2245; x_wconf 95' lang='lat' dir='ltr'><strong>in</strong></span> <span class='ocrx_word' id='word_1_148' title='bbox 1079 2184 1132 2245; x_wconf 88' lang='lat' dir='ltr'><strong>has</strong></span> <span class='ocrx_word' id='word_1_149' title='bbox 1153 2182 1255 2263; x_wconf 82' lang='lat' dir='ltr'><strong>plagas</strong></span> <span class='ocrx_word' id='word_1_150' title='bbox 1269 2183 1342 2243; x_wconf 82' lang='lat' dir='ltr'><strong>inci·</strong></span> <span class='ocrx_word' id='word_1_151' title='bbox 1363 2193 1377 2241; x_wconf 80' lang='lat'>2</span> 
     </span>
     <span class='ocr_line' id='line_1_21' title="bbox 257 2267 1343 2350; baseline -0.002 -19"><span class='ocrx_word' id='word_1_152' title='bbox 257 2269 344 2343; x_wconf 87' lang='lat' dir='ltr'><strong>disse,</strong></span> <span class='ocrx_word' id='word_1_153' title='bbox 360 2286 432 2331; x_wconf 89' lang='lat' dir='ltr'><strong>cnm</strong></span> <span class='ocrx_word' id='word_1_154' title='bbox 449 2268 547 2330; x_wconf 91' lang='lat' dir='ltr'><strong>omnis</strong></span> <span class='ocrx_word' id='word_1_155' title='bbox 561 2278 665 2331; x_wconf 84' lang='lat' dir='ltr'><strong>vector</strong></span> <span class='ocrx_word' id='word_1_156' title='bbox 680 2269 754 2330; x_wconf 92' lang='lat' dir='ltr'><strong>nihil</strong></span> <span class='ocrx_word' id='word_1_157' title='bbox 769 2270 854 2350; x_wconf 88' lang='lat' dir='ltr'><strong>prius</strong></span> <span class='ocrx_word' id='word_1_158' title='bbox 869 2278 1002 2349; x_wconf 88' lang='lat' dir='ltr'><strong>quaerat,</strong></span> <span class='ocrx_word' id='word_1_159' title='bbox 1022 2287 1112 2348; x_wconf 90' lang='lat' dir='ltr'><strong>quam</strong></span> <span class='ocrx_word' id='word_1_160' title='bbox 1128 2268 1213 2331; x_wconf 86' lang='lat' dir='ltr'><strong>cuius</strong></span> <span class='ocrx_word' id='word_1_161' title='bbox 1228 2287 1261 2330; x_wconf 89' lang='lat' dir='ltr'><strong>se</strong></span> <span class='ocrx_word' id='word_1_162' title='bbox 1276 2267 1343 2329; x_wconf 90' lang='lat' dir='ltr'><strong>dili-</strong></span> 
     </span>
    </p>

    <p class='ocr_par' dir='ltr' id='par_1_8' title="bbox 217 2353 1376 2776">
     <span class='ocr_line' id='line_1_22' title="bbox 217 2353 1376 2435; baseline -0.003 -21"><span class='ocrx_word' id='word_1_163' title='bbox 217 2363 242 2414; x_wconf 78' lang='lat' dir='ltr'><strong>at</strong></span> <span class='ocrx_word' id='word_1_164' title='bbox 257 2354 376 2435; x_wconf 86' lang='lat' dir='ltr'><strong>gantiae</strong></span> <span class='ocrx_word' id='word_1_165' title='bbox 389 2353 504 2419; x_wconf 88' lang='lat' dir='ltr'><strong>credat.</strong></span> <span class='ocrx_word' id='word_1_166' title='bbox 533 2354 645 2417; x_wconf 88' lang='lat' dir='ltr'><strong>dectitc</strong></span> <span class='ocrx_word' id='word_1_167' title='bbox 665 2372 738 2434; x_wconf 91' lang='lat' dir='ltr'><strong>ergo</strong></span> <span class='ocrx_word' id='word_1_168' title='bbox 754 2365 871 2416; x_wconf 91' lang='lat' dir='ltr'><strong>mentes</strong></span> <span class='ocrx_word' id='word_1_169' title='bbox 885 2354 1086 2417; x_wconf 78' lang='lat' dir='ltr'><strong>satisfactione</strong></span> <span class='ocrx_word' id='word_1_170' title='bbox 1107 2353 1223 2428; x_wconf 86' lang='lat' dir='ltr'><strong>lenitas,</strong></span> <span class='ocrx_word' id='word_1_171' title='bbox 1245 2362 1275 2414; x_wconf 88' lang='lat' dir='ltr'><strong>et</strong></span> <span class='ocrx_word' id='word_1_172' title='bbox 1289 2371 1340 2433; x_wconf 89' lang='lat' dir='ltr'><strong>pa·</strong></span> <span class='ocrx_word' id='word_1_173' title='bbox 1361 2365 1376 2411; x_wconf 82' lang='lat'><strong>3</strong></span> 
     </span>
     <span class='ocr_line' id='line_1_23' title="bbox 257 2439 1376 2518; baseline -0.004 -16"><span class='ocrx_word' id='word_1_174' title='bbox 257 2439 353 2502; x_wconf 91' lang='lat' dir='ltr'><strong>timini</strong></span> <span class='ocrx_word' id='word_1_175' title='bbox 375 2439 488 2502; x_wconf 87' lang='lat' dir='ltr'><strong>liberos</strong></span> <span class='ocrx_word' id='word_1_176' title='bbox 509 2439 647 2502; x_wconf 90' lang='lat' dir='ltr'><strong>homines</strong></span> <span class='ocrx_word' id='word_1_177' title='bbox 668 2439 713 2501; x_wconf 88' lang='lat' dir='ltr'><strong>ire</strong></span> <span class='ocrx_word' id='word_1_178' title='bbox 734 2440 810 2510; x_wconf 79' lang='lat' dir='ltr'><strong>sine,</strong></span> <span class='ocrx_word' id='word_1_179' title='bbox 823 2440 949 2509; x_wconf 89' lang='lat' dir='ltr'><strong>iniuria,</strong></span> <span class='ocrx_word' id='word_1_180' title='bbox 972 2458 1033 2518; x_wconf 91' lang='lat' dir='ltr'><strong>quo</strong></span> <span class='ocrx_word' id='word_1_181' title='bbox 1055 2440 1216 2501; x_wconf 89' lang='lat' dir='ltr'><strong>destinant.</strong></span> <span class='ocrx_word' id='word_1_182' title='bbox 1260 2440 1339 2500; x_wconf 86' lang='lat' dir='ltr'><strong>saevi</strong></span> <span class='ocrx_word' id='word_1_183' title='bbox 1361 2449 1376 2497; x_wconf 83' lang='lat'>4</span> 
     </span>
     <span class='ocr_line' id='line_1_24' title="bbox 257 2523 1339 2606; baseline -0.004 -18"><span class='ocrx_word' id='word_1_184' title='bbox 257 2541 379 2606; x_wconf 81' lang='lat' dir='ltr'><strong>qnoque</strong></span> <span class='ocrx_word' id='word_1_185' title='bbox 400 2524 663 2606; x_wconf 80' lang='lat' dir='ltr'><strong>implacabilesque</strong></span> <span class='ocrx_word' id='word_1_186' title='bbox 688 2526 803 2588; x_wconf 92' lang='lat' dir='ltr'><strong>domini</strong></span> <span class='ocrx_word' id='word_1_187' title='bbox 831 2524 1037 2587; x_wconf 87' lang='lat' dir='ltr'><strong>crudelitatem</strong></span> <span class='ocrx_word' id='word_1_188' title='bbox 1058 2543 1141 2587; x_wconf 89' lang='lat' dir='ltr'><strong>suam</strong></span> <span class='ocrx_word' id='word_1_189' title='bbox 1165 2523 1339 2604; x_wconf 73' lang='lat' dir='ltr'><strong>impediunt</strong></span> 
     </span>
     <span class='ocr_line' id='line_1_25' title="bbox 257 2609 1341 2693; baseline -0.005 -19"><span class='ocrx_word' id='word_1_190' title='bbox 257 2609 419 2691; x_wconf 77' lang='lat' dir='ltr'><strong>uqnando</strong></span> <span class='ocrx_word' id='word_1_191' title='bbox 432 2610 615 2691; x_wconf 85' lang='lat' dir='ltr'><strong>paenitentia</strong></span> <span class='ocrx_word' id='word_1_192' title='bbox 630 2610 770 2691; x_wconf 80' lang='lat' dir='ltr'><strong>fugitivos</strong></span> <span class='ocrx_word' id='word_1_193' title='bbox 784 2611 912 2693; x_wconf 83' lang='lat' dir='ltr'><strong>reduxit,</strong></span> <span class='ocrx_word' id='word_1_194' title='bbox 926 2618 957 2671; x_wconf 90' lang='lat' dir='ltr'><strong>et</strong></span> <span class='ocrx_word' id='word_1_195' title='bbox 968 2609 1112 2672; x_wconf 90' lang='lat' dir='ltr'><strong>dediticiis</strong></span> <span class='ocrx_word' id='word_1_196' title='bbox 1123 2609 1258 2671; x_wconf 88' lang='lat' dir='ltr'><strong>hostibus</strong></span> <span class='ocrx_word' id='word_1_197' title='bbox 1270 2626 1341 2688; x_wconf 90' lang='lat' dir='ltr'><strong>par-</strong></span> 
     </span>
     <span class='ocr_line' id='line_1_26' title="bbox 257 2692 1375 2776; baseline -0.006 -18"><span class='ocrx_word' id='word_1_198' title='bbox 257 2696 359 2760; x_wconf 76' lang='lat' dir='ltr'><strong>cimus</strong></span> <span class='ocrx_word' id='word_1_199' title='bbox 389 2694 464 2776; x_wconf 87' lang='lat' dir='ltr'><strong>quid</strong></span> <span class='ocrx_word' id='word_1_200' title='bbox 486 2694 564 2757; x_wconf 85' lang='lat' dir='ltr'><strong>ultra</strong></span> <span class='ocrx_word' id='word_1_201' title='bbox 589 2696 688 2776; x_wconf 89' lang='lat' dir='ltr'><strong>petitis</strong></span> <span class='ocrx_word' id='word_1_202' title='bbox 706 2707 758 2758; x_wconf 89' lang='lat' dir='ltr'><strong>aut</strong></span> <span class='ocrx_word' id='word_1_203' title='bbox 778 2695 849 2776; x_wconf 90' lang='lat' dir='ltr'><strong>quid</strong></span> <span class='ocrx_word' id='word_1_204' title='bbox 873 2692 981 2757; x_wconf 76' lang='lat' dir='ltr'><strong>vultis?</strong></span> <span class='ocrx_word' id='word_1_205' title='bbox 1010 2695 1043 2757; x_wconf 92' lang='lat' dir='ltr'><strong>in</strong></span> <span class='ocrx_word' id='word_1_206' title='bbox 1059 2702 1225 2775; x_wconf 86' lang='lat' dir='ltr'><strong>conspectu</strong></span> <span class='ocrx_word' id='word_1_207' title='bbox 1239 2702 1337 2755; x_wconf 87' lang='lat' dir='ltr'><strong>vestro</strong></span> <span class='ocrx_word' id='word_1_208' title='bbox 1360 2705 1375 2751; x_wconf 85' lang='lat'>5</span> 
     </span>
    </p>

    <p class='ocr_par' dir='ltr' id='par_1_9' title="bbox 205 2780 1338 2863">
     <span class='ocr_line' id='line_1_27' title="bbox 205 2780 1338 2863; baseline -0.001 -23"><span class='ocrx_word' id='word_1_209' title='bbox 205 2785 243 2840; x_wconf 80' lang='lat' dir='ltr'><strong>-e</strong></span> <span class='ocrx_word' id='word_1_210' title='bbox 257 2780 409 2863; x_wconf 74' lang='lat' dir='ltr'><strong>upplices</strong></span> <span class='ocrx_word' id='word_1_211' title='bbox 422 2780 523 2843; x_wconf 86' lang='lat' dir='ltr'><strong>iacent</strong></span> <span class='ocrx_word' id='word_1_212' title='bbox 532 2780 657 2843; x_wconf 80' lang='lat' dir='ltr'><strong>iuvenes</strong></span> <span class='ocrx_word' id='word_1_213' title='bbox 667 2782 802 2861; x_wconf 89' lang='lat' dir='ltr'><strong>ingenui,</strong></span> <span class='ocrx_word' id='word_1_214' title='bbox 814 2780 944 2854; x_wconf 87' lang='lat' dir='ltr'><strong>honesti,</strong></span> <span class='ocrx_word' id='word_1_215' title='bbox 956 2789 987 2841; x_wconf 92' lang='lat' dir='ltr'><strong>et</strong></span> <span class='ocrx_word' id='word_1_216' title='bbox 998 2780 1077 2860; x_wconf 89' lang='lat' dir='ltr'><strong>quod</strong></span> <span class='ocrx_word' id='word_1_217' title='bbox 1090 2788 1218 2858; x_wconf 88' lang='lat' dir='ltr'><strong>utroque</strong></span> <span class='ocrx_word' id='word_1_218' title='bbox 1229 2788 1338 2860; x_wconf 93' lang='lat' dir='ltr'><strong>poten·</strong></span> 
     </span>
    </p>

    <p class='ocr_par' dir='ltr' id='par_1_10' title="bbox 205 2863 1374 3202">
     <span class='ocr_line' id='line_1_28' title="bbox 205 2863 1374 2947; baseline -0.005 -18"><span class='ocrx_word' id='word_1_219' title='bbox 205 2935 208 2940; x_wconf 67' lang='grc'>,</span> <span class='ocrx_word' id='word_1_220' title='bbox 256 2867 313 2930; x_wconf 93' lang='lat' dir='ltr'><strong>tius</strong></span> <span class='ocrx_word' id='word_1_221' title='bbox 326 2874 390 2941; x_wconf 89' lang='lat' dir='ltr'><strong>est,</strong></span> <span class='ocrx_word' id='word_1_222' title='bbox 413 2866 610 2929; x_wconf 84' lang='lat' dir='ltr'><strong>familiaritate</strong></span> <span class='ocrx_word' id='word_1_223' title='bbox 630 2867 715 2930; x_wconf 85' lang='lat' dir='ltr'><strong>robis</strong></span> <span class='ocrx_word' id='word_1_224' title='bbox 733 2867 894 2947; x_wconf 87' lang='lat' dir='ltr'><strong>aliquando</strong></span> <span class='ocrx_word' id='word_1_225' title='bbox 918 2866 1081 2927; x_wconf 87' lang='lat' dir='ltr'><strong>coniuncti.</strong></span> <span class='ocrx_word' id='word_1_226' title='bbox 1112 2866 1137 2927; x_wconf 93' lang='lat' dir='ltr'><strong>si</strong></span> <span class='ocrx_word' id='word_1_227' title='bbox 1152 2863 1338 2926; x_wconf 86' lang='lat' dir='ltr'><strong>mehercules</strong></span> <span class='ocrx_word' id='word_1_228' title='bbox 1359 2875 1374 2922; x_wconf 83' lang='lat' dir='ltr'><strong>e</strong></span> 
     </span>
     <span class='ocr_line' id='line_1_29' title="bbox 257 2950 1338 3033; baseline -0.002 -20"><span class='ocrx_word' id='word_1_229' title='bbox 257 2950 496 3015; x_wconf 83' lang='lat' dir='ltr'><strong>intervertissent</strong></span> <span class='ocrx_word' id='word_1_230' title='bbox 509 2952 669 3033; x_wconf 89' lang='lat' dir='ltr'><strong>pecuniam</strong></span> <span class='ocrx_word' id='word_1_231' title='bbox 684 2963 823 3027; x_wconf 86' lang='lat' dir='ltr'><strong>vestram,</strong></span> <span class='ocrx_word' id='word_1_232' title='bbox 844 2952 870 3014; x_wconf 93' lang='lat' dir='ltr'><strong>si</strong></span> <span class='ocrx_word' id='word_1_233' title='bbox 885 2951 974 3014; x_wconf 87' lang='lat' dir='ltr'><strong>fidem</strong></span> <span class='ocrx_word' id='word_1_234' title='bbox 989 2951 1160 3031; x_wconf 89' lang='lat' dir='ltr'><strong>proditione</strong></span> <span class='ocrx_word' id='word_1_235' title='bbox 1174 2951 1338 3021; x_wconf 84' lang='lat' dir='ltr'><strong>laesissent,</strong></span> 
     </span>
     <span class='ocr_line' id='line_1_30' title="bbox 256 3035 1339 3119; baseline -0.004 -19"><span class='ocrx_word' id='word_1_236' title='bbox 256 3037 354 3100; x_wconf 85' lang='lat' dir='ltr'><strong>satiari</strong></span> <span class='ocrx_word' id='word_1_237' title='bbox 369 3045 472 3099; x_wconf 89' lang='lat' dir='ltr'><strong>tamen</strong></span> <span class='ocrx_word' id='word_1_238' title='bbox 492 3038 666 3118; x_wconf 89' lang='lat' dir='ltr'><strong>potuissetis</strong></span> <span class='ocrx_word' id='word_1_239' title='bbox 687 3039 743 3100; x_wconf 93' lang='lat' dir='ltr'><strong>hac</strong></span> <span class='ocrx_word' id='word_1_240' title='bbox 758 3056 866 3119; x_wconf 86' lang='lat' dir='ltr'><strong>poena,</strong></span> <span class='ocrx_word' id='word_1_241' title='bbox 888 3054 977 3117; x_wconf 91' lang='lat' dir='ltr'><strong>quam</strong></span> <span class='ocrx_word' id='word_1_242' title='bbox 992 3037 1105 3099; x_wconf 86' lang='lat' dir='ltr'><strong>vidctis.</strong></span> <span class='ocrx_word' id='word_1_243' title='bbox 1135 3035 1254 3097; x_wconf 86' lang='lat' dir='ltr'><strong>servitia</strong></span> <span class='ocrx_word' id='word_1_244' title='bbox 1269 3053 1339 3097; x_wconf 88' lang='lat' dir='ltr'><strong>ecce</strong></span> 
     </span>
     <span class='ocr_line' id='line_1_31' title="bbox 257 3121 1339 3202; baseline -0.003 -18"><span class='ocrx_word' id='word_1_245' title='bbox 257 3124 286 3185; x_wconf 92' lang='lat' dir='ltr'><strong>in</strong></span> <span class='ocrx_word' id='word_1_246' title='bbox 307 3121 463 3186; x_wconf 74' lang='lat' dir='ltr'><strong>frontibus</strong></span> <span class='ocrx_word' id='word_1_247' title='bbox 483 3123 608 3186; x_wconf 85' lang='lat' dir='ltr'><strong>cernitis</strong></span> <span class='ocrx_word' id='word_1_248' title='bbox 632 3133 663 3186; x_wconf 90' lang='lat' dir='ltr'><strong>et</strong></span> <span class='ocrx_word' id='word_1_249' title='bbox 688 3124 786 3186; x_wconf 84' lang='lat' dir='ltr'><strong>vultus</strong></span> <span class='ocrx_word' id='word_1_250' title='bbox 811 3123 961 3202; x_wconf 87' lang='lat' dir='ltr'><strong>ingenuos</strong></span> <span class='ocrx_word' id='word_1_251' title='bbox 986 3121 1152 3183; x_wconf 87' lang='lat' dir='ltr'><strong>voluntaria</strong></span> <span class='ocrx_word' id='word_1_252' title='bbox 1172 3139 1339 3202; x_wconf 89' lang='lat' dir='ltr'><strong>poenarum</strong></span> 
     </span>
    </p>

    <p class='ocr_par' dir='ltr' id='par_1_11' title="bbox 220 3206 1372 3631">
     <span class='ocr_line' id='line_1_32' title="bbox 220 3206 1372 3290; baseline -0.002 -21"><span class='ocrx_word' id='word_1_253' title='bbox 220 3207 320 3288; x_wconf 81' lang='lat' dir='ltr'><strong>tttsgo</strong></span> <span class='ocrx_word' id='word_1_254' title='bbox 339 3206 547 3289; x_wconf 82' lang='lat' dir='ltr'><strong>proscriptcs’</strong></span> <span class='ocrx_word' id='word_1_255' title='bbox 587 3209 789 3290; x_wconf 87' lang='lat' dir='ltr'><strong>interpellavit</strong></span> <span class='ocrx_word' id='word_1_256' title='bbox 807 3208 1049 3289; x_wconf 91' lang='lat' dir='ltr'><strong>deprecationem</strong></span> <span class='ocrx_word' id='word_1_257' title='bbox 1071 3206 1211 3288; x_wconf 90' lang='lat' dir='ltr'><strong>supplicii</strong></span> <span class='ocrx_word' id='word_1_258' title='bbox 1231 3206 1338 3268; x_wconf 87' lang='lat' dir='ltr'><strong>Lichas</strong></span> <span class='ocrx_word' id='word_1_259' title='bbox 1359 3218 1372 3265; x_wconf 78' lang='lat' dir='ltr'><strong>t</strong></span> 
     </span>
     <span class='ocr_line' id='line_1_33' title="bbox 256 3292 1338 3373; baseline -0.005 -18"><span class='ocrx_word' id='word_1_260' title='bbox 256 3302 285 3356; x_wconf 90' lang='lat' dir='ltr'><strong>et</strong></span> <span class='ocrx_word' id='word_1_261' title='bbox 299 3292 381 3357; x_wconf 81' lang='lat' dir='ltr'><strong>‘noli</strong></span> <span class='ocrx_word' id='word_1_262' title='bbox 396 3293 497 3373; x_wconf 84' lang='lat' dir='ltr'><strong>inquit</strong></span> <span class='ocrx_word' id='word_1_263' title='bbox 512 3299 640 3357; x_wconf 74' lang='lat' dir='ltr'><strong>‘caumm</strong></span> <span class='ocrx_word' id='word_1_264' title='bbox 656 3294 853 3368; x_wconf 78' lang='lat' dir='ltr'><strong>confundere,</strong></span> <span class='ocrx_word' id='word_1_265' title='bbox 868 3293 921 3355; x_wconf 89' lang='lat' dir='ltr'><strong>sed</strong></span> <span class='ocrx_word' id='word_1_266' title='bbox 936 3294 1059 3373; x_wconf 92' lang='lat' dir='ltr'><strong>impone</strong></span> <span class='ocrx_word' id='word_1_267' title='bbox 1069 3292 1196 3372; x_wconf 91' lang='lat' dir='ltr'><strong>singulis</strong></span> <span class='ocrx_word' id='word_1_268' title='bbox 1207 3293 1338 3353; x_wconf 92' lang='lat' dir='ltr'><strong>modum.</strong></span> 
     </span>
     <span class='ocr_line' id='line_1_34' title="bbox 256 3377 1372 3463; baseline -0.005 -22"><span class='ocrx_word' id='word_1_269' title='bbox 256 3398 289 3442; x_wconf 89' lang='lat' dir='ltr'><strong>ac</strong></span> <span class='ocrx_word' id='word_1_270' title='bbox 309 3379 444 3461; x_wconf 78' lang='lat' dir='ltr'><strong>primunt</strong></span> <span class='ocrx_word' id='word_1_271' title='bbox 466 3379 613 3453; x_wconf 92' lang='lat' dir='ltr'><strong>omnium,</strong></span> <span class='ocrx_word' id='word_1_272' title='bbox 630 3380 656 3442; x_wconf 93' lang='lat' dir='ltr'><strong>si</strong></span> <span class='ocrx_word' id='word_1_273' title='bbox 674 3380 755 3442; x_wconf 90' lang='lat' dir='ltr'><strong>ultro</strong></span> <span class='ocrx_word' id='word_1_274' title='bbox 776 3387 934 3463; x_wconf 79' lang='lat' dir='ltr'><strong>venerunt,</strong></span> <span class='ocrx_word' id='word_1_275' title='bbox 955 3396 1010 3440; x_wconf 89' lang='lat' dir='ltr'><strong>cnr</strong></span> <span class='ocrx_word' id='word_1_276' title='bbox 1031 3378 1181 3441; x_wconf 82' lang='lat' dir='ltr'><strong>nudavere</strong></span> <span class='ocrx_word' id='word_1_277' title='bbox 1202 3377 1336 3440; x_wconf 89' lang='lat' dir='ltr'><strong>crinibus</strong></span> <span class='ocrx_word' id='word_1_278' title='bbox 1358 3386 1372 3435; x_wconf 83' lang='lat'>8</span> 
     </span>
     <span class='ocr_line' id='line_1_35' title="bbox 256 3461 1337 3547; baseline -0.003 -20"><span class='ocrx_word' id='word_1_279' title='bbox 256 3461 374 3545; x_wconf 78' lang='lat' dir='ltr'><strong>capita?</strong></span> <span class='ocrx_word' id='word_1_280' title='bbox 387 3464 503 3527; x_wconf 84' lang='lat' dir='ltr'><strong>vultum</strong></span> <span class='ocrx_word' id='word_1_281' title='bbox 525 3466 606 3528; x_wconf 92' lang='lat' dir='ltr'><strong>enim</strong></span> <span class='ocrx_word' id='word_1_282' title='bbox 626 3466 680 3546; x_wconf 83' lang='lat' dir='ltr'><strong>qui</strong></span> <span class='ocrx_word' id='word_1_283' title='bbox 701 3473 862 3547; x_wconf 86' lang='lat' dir='ltr'><strong>permutat,</strong></span> <span class='ocrx_word' id='word_1_284' title='bbox 888 3464 1023 3526; x_wconf 87' lang='lat' dir='ltr'><strong>fraudem</strong></span> <span class='ocrx_word' id='word_1_285' title='bbox 1045 3473 1140 3544; x_wconf 89' lang='lat' dir='ltr'><strong>parat,</strong></span> <span class='ocrx_word' id='word_1_286' title='bbox 1168 3483 1230 3526; x_wconf 92' lang='lat' dir='ltr'><strong>non</strong></span> <span class='ocrx_word' id='word_1_287' title='bbox 1253 3462 1337 3525; x_wconf 85' lang='lat' dir='ltr'><strong>satis-</strong></span> 
     </span>
     <span class='ocr_line' id='line_1_36' title="bbox 258 3548 1372 3631; baseline -0.006 -19"><span class='ocrx_word' id='word_1_288' title='bbox 258 3550 429 3614; x_wconf 85' lang='lat' dir='ltr'><strong>lactioncm.</strong></span> <span class='ocrx_word' id='word_1_289' title='bbox 473 3550 592 3623; x_wconf 90' lang='lat' dir='ltr'><strong>deinde,</strong></span> <span class='ocrx_word' id='word_1_290' title='bbox 614 3553 639 3614; x_wconf 91' lang='lat' dir='ltr'><strong>si</strong></span> <span class='ocrx_word' id='word_1_291' title='bbox 660 3551 785 3631; x_wconf 88' lang='lat' dir='ltr'><strong>gratiam</strong></span> <span class='ocrx_word' id='word_1_292' title='bbox 807 3569 824 3612; x_wconf 94' lang='lat' dir='ltr'><strong>a</strong></span> <span class='ocrx_word' id='word_1_293' title='bbox 845 3551 943 3630; x_wconf 89' lang='lat' dir='ltr'><strong>legato</strong></span> <span class='ocrx_word' id='word_1_294' title='bbox 964 3548 1175 3623; x_wconf 87' lang='lat' dir='ltr'><strong>moliebantur,</strong></span> <span class='ocrx_word' id='word_1_295' title='bbox 1199 3548 1270 3628; x_wconf 90' lang='lat' dir='ltr'><strong>quid</strong></span> <span class='ocrx_word' id='word_1_296' title='bbox 1296 3549 1372 3609; x_wconf 84' lang='lat' dir='ltr'><strong>itaa</strong></span> 
     </span>
    </p>

    <p class='ocr_par' dir='ltr' id='par_1_12' title="bbox 210 3631 1384 4059">
     <span class='ocr_line' id='line_1_37' title="bbox 210 3631 1337 3717; baseline -0.004 -19"><span class='ocrx_word' id='word_1_297' title='bbox 210 3631 536 3710; x_wconf 60' lang='lat' dir='ltr'><strong>boninicurtem</strong></span> <span class='ocrx_word' id='word_1_298' title='bbox 556 3654 634 3717; x_wconf 86' lang='lat' dir='ltr'><strong>quos</strong></span> <span class='ocrx_word' id='word_1_299' title='bbox 653 3635 796 3711; x_wconf 87' lang='lat' dir='ltr'><strong>tuebaris,</strong></span> <span class='ocrx_word' id='word_1_300' title='bbox 818 3632 1043 3698; x_wconf 76' lang='lat' dir='ltr'><strong>absconderes?</strong></span> <span class='ocrx_word' id='word_1_301' title='bbox 1072 3653 1109 3696; x_wconf 85' lang='lat' dir='ltr'><strong>ex</strong></span> <span class='ocrx_word' id='word_1_302' title='bbox 1131 3653 1191 3715; x_wconf 88' lang='lat' dir='ltr'><strong>quo</strong></span> <span class='ocrx_word' id='word_1_303' title='bbox 1213 3642 1337 3716; x_wconf 88' lang='lat' dir='ltr'><strong>apparet</strong></span> 
     </span>
     <span class='ocr_line' id='line_1_38' title="bbox 255 3720 1336 3804; baseline -0.007 -19"><span class='ocrx_word' id='word_1_304' title='bbox 255 3739 325 3785; x_wconf 84' lang='lat' dir='ltr'><strong>casu</strong></span> <span class='ocrx_word' id='word_1_305' title='bbox 338 3720 483 3784; x_wconf 85' lang='lat' dir='ltr'><strong>incidisse</strong></span> <span class='ocrx_word' id='word_1_306' title='bbox 493 3722 601 3785; x_wconf 85' lang='lat' dir='ltr'><strong>noxios</strong></span> <span class='ocrx_word' id='word_1_307' title='bbox 612 3722 644 3784; x_wconf 93' lang='lat' dir='ltr'><strong>in</strong></span> <span class='ocrx_word' id='word_1_308' title='bbox 655 3722 757 3804; x_wconf 89' lang='lat' dir='ltr'><strong>plagas</strong></span> <span class='ocrx_word' id='word_1_309' title='bbox 772 3731 804 3784; x_wconf 89' lang='lat' dir='ltr'><strong>ct</strong></span> <span class='ocrx_word' id='word_1_310' title='bbox 818 3732 847 3783; x_wconf 92' lang='lat' dir='ltr'><strong>te</strong></span> <span class='ocrx_word' id='word_1_311' title='bbox 858 3729 952 3782; x_wconf 90' lang='lat' dir='ltr'><strong>artem</strong></span> <span class='ocrx_word' id='word_1_312' title='bbox 964 3720 1126 3800; x_wconf 88' lang='lat' dir='ltr'><strong>quaesisse,</strong></span> <span class='ocrx_word' id='word_1_313' title='bbox 1142 3739 1201 3799; x_wconf 90' lang='lat' dir='ltr'><strong>qua</strong></span> <span class='ocrx_word' id='word_1_314' title='bbox 1216 3727 1336 3781; x_wconf 88' lang='lat' dir='ltr'><strong>nostrae</strong></span> 
     </span>
     <span class='ocr_line' id='line_1_39' title="bbox 256 3804 1384 3888; baseline -0.006 -19"><span class='ocrx_word' id='word_1_315' title='bbox 256 3806 520 3869; x_wconf 81' lang='lat' dir='ltr'><strong>animadversionis</strong></span> <span class='ocrx_word' id='word_1_316' title='bbox 544 3808 690 3888; x_wconf 90' lang='lat' dir='ltr'><strong>impetum</strong></span> <span class='ocrx_word' id='word_1_317' title='bbox 715 3808 861 3870; x_wconf 89' lang='lat' dir='ltr'><strong>eluderes.</strong></span> <span class='ocrx_word' id='word_1_318' title='bbox 896 3823 965 3868; x_wconf 90' lang='lat' dir='ltr'><strong>nam</strong></span> <span class='ocrx_word' id='word_1_319' title='bbox 990 3805 1070 3885; x_wconf 93' lang='lat' dir='ltr'><strong>quod</strong></span> <span class='ocrx_word' id='word_1_320' title='bbox 1096 3805 1236 3866; x_wconf 80' lang='lat' dir='ltr'><strong>invidiam</strong></span> <span class='ocrx_word' id='word_1_321' title='bbox 1261 3804 1333 3864; x_wconf 88' lang='lat' dir='ltr'><strong>iacis</strong></span> <span class='ocrx_word' id='word_1_322' title='bbox 1356 3812 1384 3861; x_wconf 85' lang='lat' dir='ltr'><strong>to</strong></span> 
     </span>
     <span class='ocr_line' id='line_1_40' title="bbox 256 3889 1336 3973; baseline -0.004 -20"><span class='ocrx_word' id='word_1_323' title='bbox 256 3892 342 3956; x_wconf 88' lang='lat' dir='ltr'><strong>nobis</strong></span> <span class='ocrx_word' id='word_1_324' title='bbox 352 3892 504 3971; x_wconf 89' lang='lat' dir='ltr'><strong>ingenuos</strong></span> <span class='ocrx_word' id='word_1_325' title='bbox 514 3892 717 3973; x_wconf 87' lang='lat' dir='ltr'><strong>honestosque</strong></span> <span class='ocrx_word' id='word_1_326' title='bbox 732 3892 898 3966; x_wconf 89' lang='lat' dir='ltr'><strong>clamando,</strong></span> <span class='ocrx_word' id='word_1_327' title='bbox 913 3891 988 3964; x_wconf 86' lang='lat' dir='ltr'><strong>vide,</strong></span> <span class='ocrx_word' id='word_1_328' title='bbox 1005 3910 1044 3953; x_wconf 93' lang='lat' dir='ltr'><strong>ne</strong></span> <span class='ocrx_word' id='word_1_329' title='bbox 1056 3890 1234 3953; x_wconf 88' lang='lat' dir='ltr'><strong>deteriorem</strong></span> <span class='ocrx_word' id='word_1_330' title='bbox 1245 3889 1336 3950; x_wconf 84' lang='lat' dir='ltr'><strong>facias</strong></span> 
     </span>
     <span class='ocr_line' id='line_1_41' title="bbox 257 3976 1335 4059; baseline -0.006 -19"><span class='ocrx_word' id='word_1_331' title='bbox 257 3977 437 4040; x_wconf 77' lang='lat' dir='ltr'><strong>confidentia</strong></span> <span class='ocrx_word' id='word_1_332' title='bbox 452 3995 580 4042; x_wconf 85' lang='lat' dir='ltr'><strong>causam.</strong></span> <span class='ocrx_word' id='word_1_333' title='bbox 610 3979 681 4059; x_wconf 87' lang='lat' dir='ltr'><strong>quid</strong></span> <span class='ocrx_word' id='word_1_334' title='bbox 697 3978 809 4040; x_wconf 88' lang='lat' dir='ltr'><strong>dehent</strong></span> <span class='ocrx_word' id='word_1_335' title='bbox 818 3977 890 4041; x_wconf 89' lang='lat' dir='ltr'><strong>laesi</strong></span> <span class='ocrx_word' id='word_1_336' title='bbox 906 3977 1014 4051; x_wconf 86' lang='lat' dir='ltr'><strong>lacere,</strong></span> <span class='ocrx_word' id='word_1_337' title='bbox 1029 3976 1081 4039; x_wconf 90' lang='lat' dir='ltr'><strong>ubi</strong></span> <span class='ocrx_word' id='word_1_338' title='bbox 1096 3976 1141 4038; x_wconf 90' lang='lat' dir='ltr'><strong>rai</strong></span> <span class='ocrx_word' id='word_1_339' title='bbox 1155 3976 1191 4037; x_wconf 92' lang='lat' dir='ltr'><strong>ad</strong></span> <span class='ocrx_word' id='word_1_340' title='bbox 1206 3991 1335 4056; x_wconf 92' lang='lat' dir='ltr'><strong>poenam</strong></span> 
     </span>
    </p>
   </div>
   <div class='ocr_carea' id='block_1_3' title="bbox 259 4173 1334 4320">
    <p class='ocr_par' dir='ltr' id='par_1_13' title="bbox 259 4173 1334 4320">
     <span class='ocr_line' id='line_1_42' title="bbox 338 4173 1334 4263; baseline -0.01 -27"><span class='ocrx_word' id='word_1_341' title='bbox 338 4184 356 4236; x_wconf 70' lang='lat' dir='ltr'><strong>d</strong></span> <span class='ocrx_word' id='word_1_342' title='bbox 372 4182 479 4251; x_wconf 68' lang='lat' dir='ltr'><strong>prothi</strong></span> <span class='ocrx_word' id='word_1_343' title='bbox 510 4183 543 4235; x_wconf 80' lang='lat' dir='ltr'><strong>ts</strong></span> <span class='ocrx_word' id='word_1_344' title='bbox 559 4184 663 4263; x_wconf 66' lang='lat' dir='ltr'><strong>unicos</strong></span> <span class='ocrx_word' id='word_1_345' title='bbox 680 4179 763 4249; x_wconf 84' lang='lat' dir='ltr'><strong>pudor</strong></span> <span class='ocrx_word' id='word_1_346' title='bbox 780 4180 829 4248; x_wconf 79' lang='lat' dir='ltr'><strong>etl</strong></span> <span class='ocrx_word' id='word_1_347' title='bbox 844 4180 1061 4246; x_wconf 64' lang='lat' dir='ltr'><strong>tepescentium</strong></span> <span class='ocrx_word' id='word_1_348' title='bbox 1072 4173 1214 4243; x_wconf 80' lang='lat' dir='ltr'><strong>Eumolpus</strong></span> <span class='ocrx_word' id='word_1_349' title='bbox 1228 4174 1234 4244; x_wconf 90' lang='grc' dir='ltr'>Ι</span> <span class='ocrx_word' id='word_1_350' title='bbox 1249 4176 1334 4244; x_wconf 88' lang='lat' dir='ltr'><strong>ingra-</strong></span> 
     </span>
     <span class='ocr_line' id='line_1_43' title="bbox 259 4244 1089 4320; baseline -0.005 -19"><span class='ocrx_word' id='word_1_351' title='bbox 259 4252 311 4303; x_wconf 81' lang='lat' dir='ltr'><strong>tum</strong></span> <span class='ocrx_word' id='word_1_352' title='bbox 327 4248 468 4320; x_wconf 61' lang='lat' dir='ltr'><strong>llohdtm</strong></span> <span class='ocrx_word' id='word_1_353' title='bbox 482 4251 515 4305; x_wconf 77' lang='lat'><strong>30</strong></span> <span class='ocrx_word' id='word_1_354' title='bbox 533 4249 681 4319; x_wconf 73' lang='lat' dir='ltr'><strong>supplicari</strong></span> <span class='ocrx_word' id='word_1_355' title='bbox 695 4252 729 4303; x_wconf 83' lang='grc'><strong>34</strong></span> <span class='ocrx_word' id='word_1_356' title='bbox 744 4253 812 4317; x_wconf 80' lang='lat' dir='ltr'><strong>pasto</strong></span> <span class='ocrx_word' id='word_1_357' title='bbox 830 4248 939 4316; x_wconf 84' lang='lat' dir='ltr'><strong>gratiam</strong></span> <span class='ocrx_word' id='word_1_358' title='bbox 957 4251 984 4298; x_wconf 89' lang='lat' dir='ltr'><strong>te</strong></span> <span class='ocrx_word' id='word_1_359' title='bbox 1002 4244 1089 4311; x_wconf 85' lang='lat' dir='ltr'><strong>legato</strong></span> 
     </span>
    </p>
   </div>
   <div class='ocr_carea' id='block_1_4' title="bbox 0 0 1714 4934">
    <p class='ocr_par' dir='ltr' id='par_1_14' title="bbox 0 0 1714 4934">
     <span class='ocr_line' id='line_1_44' title="bbox 0 0 1714 4934; baseline 0 5"><span class='ocrx_word' id='word_1_360' title='bbox 0 0 1714 4934; x_wconf 95' lang='lat' dir='ltr'><strong> </strong></span> 
     </span>
    </p>
   </div>
  </div>
 </body>
</html>
