3417 4934
631 482 821 539 menan

641 652 816 707 INGLORIVS

607 744 687 809 περὶ
706 739 845 809 φθόνον

630 828 642 889 Ι
659 828 779 904 (onoma
793 829 824 906 1)

392 947 503 1008 vosque
518 932 549 990 in
565 929 692 1002 theatro,
708 934 759 1008 qui
775 929 955 1010 voluptatem
970 928 1093 991 ariribus
1281 941 1327 993 218

392 1014 452 1076 huo
467 1023 645 1095 aucupatum
662 1014 896 1077 concucurristis
910 1014 1010 1088 domo,

393 1098 493 1162 adeste
509 1108 538 1161 et
553 1118 570 1161 a
584 1119 633 1161 me
649 1113 725 1179 qnae
739 1100 832 1162 feram
847 1100 1030 1180 cognoscite,

393 1185 514 1246 domum
530 1194 563 1247 nt
577 1183 681 1247 feratis
696 1204 713 1246 e
729 1181 846 1247 theatro
862 1185 976 1248 litteras

393 1402 457 1452 tum
473 1391 603 1469 denique
619 1304 717 1453 omnlils
727 1306 800 1451 (oiim
816 1390 940 1474 lucerna
955 1389 1109 1452 combusta
1125 1398 1169 1453 est
1282 1402 1328 1453 119

394 1476 424 1538 in
441 1474 628 1538 lucubrando
644 1475 819 1555 olivitasque
834 1485 1013 1557 consumpta
1028 1484 1073 1538 ost

624 1646 829 1699 ΙΠΠΟΚΥΩΝ

691 1747 703 1807 ¹
720 1749 767 1827 (2)

294 1846 386 1910 Varro
403 1853 508 1929 equitas
522 1850 661 1931 quosdam
677 1850 745 1911 dicit
756 1851 893 1929 redarios
907 1848 1064 1931 appellatos

290 2035 482 2115 Apollonium
495 2035 563 2097 ideo
579 1951 829 2117 excuriilniffiluia
848 2037 923 2098 nihil
936 2035 1066 2099 habebat

578 2206 887 2260 ΚΟΣΜΟΤΟΡΥΝΗ

541 2295 619 2359 περὶ
637 2289 771 2359 φθορᾶς
787 2294 917 2355 κόσμου

698 2377 709 2437 ¹
725 2378 768 2455 14)

397 2483 521 2560 propter
536 2497 644 2541 cunam
660 2478 798 2559 capulnm
813 2481 943 2560 positum

398 2565 500 2626 nutrix
515 2565 605 2626 tradit
619 2563 771 2645 pollictori

397 2779 465 2847 toga
481 2774 604 2830 tractata
621 2779 666 2831 est
682 2683 717 2831 elt¹
726 2684 820 2829 iiiito
837 2768 903 2829 data
920 2777 975 2841 est,

398 2857 433 2915 ad
449 2854 567 2916 turbam
582 2854 651 2927 abii,
666 2855 729 2915 fera
745 2853 847 2915 militia

419 2958 544 3001 munera
559 2939 629 3001 belii
644 2949 678 3000 ut
691 2948 883 3019 praestarem.

398 3146 473 3207 detis
488 3142 620 3206 habenas
635 3057 835 3223 anilririisieni

398 3231 470 3292 dum
485 3248 541 3291 nos
556 3238 662 3291 ventus
677 3230 795 3291 flamine
810 3230 885 3292 sudo

420 3333 539 3377 suavem
553 3315 588 3375 ad
605 3316 730 3395 patriam
745 3313 892 3394 perducit.

398 3496 497 3580 Africa
511 3518 660 3593 terribilis,
678 3432 791 3581 offitiis)
799 3536 982 3580 concurrere
998 3518 1069 3580 civis

399 3605 454 3666 civi
470 3613 560 3684 atque
574 3607 694 3666 Aeneae
710 3603 830 3666 misceri
844 3605 992 3684 sanguine
1007 3621 1143 3685 sanguen

278 3743 399 3752 -—-———

279 3792 331 3846 218
348 3789 383 3843 Ν.
399 3806 427 3856 p.
441 3790 491 3842 325
504 3788 632 3855 ignoscite
650 3791 697 3841 obe·
716 3789 780 3840 libra·
798 3787 880 3841 Varro
896 3787 1015 3854 gloriam,
1033 3786 1173 3839 mom
1183 3788 1273 3851 primo

251 3876 285 3914 on
300 3859 306 3927 Ι
321 3859 450 3926 ignoscito
472 3856 582 3911 Nonius
598 3858 794 3923 interpretatur
810 3857 911 3910 noscite
929 3856 973 3909 vel
996 3854 1176 3921 (1151151211
1194 3852 1228 3909 Ν.
1245 3870 1274 3920 p.

259 3928 404 3982 olivitatenr
421 3928 470 3978 obi
488 3926 552 3977 liora·
568 3923 649 3977 Varro
667 3926 693 3977 in
711 3925 794 3992 glorio

278 3999 329 4051 220
350 3994 452 4049 (sattius
469 3994 499 4047 111
515 3997 554 4056 18,
566 3996 582 4046 5
596 3991 607 4062 fl
619 3996 667 4047 221
687 3993 794 4047 Nonius
807 4010 836 4060 p.
856 3995 891 4045 36
908 3991 1033 4045 excoriari

280 4067 331 4119 222
348 4063 383 4119 Ν.
398 4080 428 4131 p.
447 4067 462 4117 5
481 4060 602 4130 capulam
620 4066 647 4113 ct
662 4079 689 4129 p.
704 4063 751 4116 151
770 4060 1006 4130 pollictores1223
1019 4059 1054 4114 Ν.
1065 4074 1093 4125 p.
1105 4060 1156 4112 538
1168 4057 1254 4109 abolla
1267 4056 1272 4125 Ι

251 4140 275 4189 ta
291 4134 408 4201 proram
429 4133 508 4185 Hori:
530 4131 644 4184 detracta
666 4130 816 4183 Paruimus
831 4130 836 4199 Ι
852 4128 926 4182 turba
950 4130 1004 4194 (oet
1018 4128 1130 4192 turbam)
1154 4126 1199 4179 nbi
1217 4140 1274 4178 sera

251 4204 286 4258 tt·
304 4203 332 4255 in
350 4215 454 4255 monera
464 4198 475 4271 ΙΙ
486 4202 538 4255 nat
554 4196 589 4253 N.
606 4216 635 4268 p.
652 4202 702 4254 223
721 4199 805 4253 aniana
816 4199 829 4269 Ι
842 4200 892 4253 225
910 4196 945 4252 Ν.
961 4213 980 4265 p
1004 4199 1055 4251 221
1072 4194 1179 4261 ungat·
1193 4195 1198 4264 Ι
1213 4207 1273 4248 oon·

251 4285 295 4327 ere
312 4269 363 4323 ibis
381 4272 461 4338 atque
477 4269 569 4325 Aenea
