3417 4934
379 495 382 501 ·
406 468 467 528 206
863 462 1028 517 vauuouts

348 738 391 789 lot
513 742 604 805 porro
627 724 697 784 inde
720 722 757 784 ab
781 742 842 784 uno
859 636 1126 802 angilramne
1142 733 1245 784 lernae
1259 724 1327 785 viae
1343 723 1486 796 oriuntur,

407 810 549 890 equibus
563 808 698 889 singulae
715 809 826 870 exitum
841 827 877 869 ac
891 805 989 884 τέλος
1011 806 1123 870 babent
1146 810 1315 888 proprium.
1356 828 1372 869 a
1394 808 1484 889 prino

407 896 539 976 compito
555 894 714 956 dextimam
729 894 805 954 viam
820 894 929 955 muniit
943 892 1092 973 Epicurus
1506 921 1507 930 ¹

775 1081 864 1132 ΠΕΡΙ
881 1078 1117 1133 plumarum

347 1266 391 1317 000
514 1250 556 1313 Μ.
572 1250 663 1313 Varro
674 1255 707 1311 in
718 1259 819 1312 satura
832 1270 919 1330 quam
930 1253 1011 1331 περὶ
1021 1248 1217 1330 ἐδεσμάτων
1229 1255 1390 1332 irueripsit,
1402 1250 1475 1334 lepm

406 1336 561 1398 admodum
576 1346 602 1397 et
616 1340 684 1398 acite
698 1336 785 1414 sactis
799 1336 929 1396 omuibus·
944 1353 1082 1397 cenarum
1096 1335 1227 1396 ciborum
1241 1341 1403 1417 exquisitos
1415 1339 1472 1401 deli·

406 1427 465 1484 ciae
479 1420 699 1502 comprehendit.
729 1440 799 1483 uam
812 1420 949 1501 pleraque
963 1421 994 1481 id
1007 1439 1098 1499 penus
1113 1438 1186 1501 quoe
1200 1420 1339 1483 beluonee
1350 1426 1400 1485 isti
1407 1433 1471 1487 lem

406 1519 432 1570 el
443 1511 523 1569 mori
536 1510 720 1587 conquirunt,
743 1510 877 1586 esposuit
899 1505 1069 1585 inclusitque
1084 1508 1118 1566 in
1132 1523 1273 1568 numeros
1282 1512 1421 1571 senarios.
1451 1519 1471 1572 d

405 1596 482 1673 ipsos
497 1593 610 1673 quidem
625 1610 734 1664 omaus,
749 1596 798 1653 cui
810 1594 904 1653 otium
918 1595 983 1663 erit,
999 1593 1032 1651 in
1046 1590 1121 1651 libro
1133 1608 1188 1671 quo
1204 1591 1272 1652 diui
1279 1596 1388 1672 pom'toe
1401 1594 1467 1675 leym,

405 1696 510 1757 peneto
531 1687 628 1739 autem
650 1680 826 1757 nominaque
848 1676 978 1738 edulium
1000 1685 1026 1735 et
1050 1675 1195 1737 domicilia
1211 1676 1344 1739 ciborum
1358 1681 1471 1742 omnibns

406 1763 473 1825 aliia
487 1765 674 1843 praestantia,
697 1781 770 1843 quae
786 1762 940 1842 profunda
954 1760 1100 1840 inyluoies
1119 1764 1281 1840 oestiyaoit,
1305 1783 1379 1845 quae
1395 1764 1469 1829 Varro

406 1846 585 1929 opprobrant
600 1856 748 1908 euaeeulue
763 1857 813 1919 est,
835 1847 904 1908 laec
918 1858 988 1908 sum
1002 1846 1105 1924 sume,
1127 1856 1272 1927 mantum
1285 1849 1369 1912 001010
1381 1869 1469 1913 memo

405 1938 470 1993 riae
481 1942 535 1994 est:
548 1952 641 2013 pavus
652 1952 667 1994 e
679 1931 774 2003 Samo,
792 1931 921 2011 Pbrypia
931 1942 1077 2011 attapma,
1091 1950 1178 2011 pluet
1190 1931 1319 2004 Melicae,
1335 1934 1469 1999 buedutm

406 2018 569 2089 Ambracia,
590 2018 719 2097 pelamys
746 2018 946 2086 Chalcedonio,
966 2036 1109 2079 muraena
1128 2016 1267 2092 Tartesia,
1289 2020 1374 2082 aselli
1394 2022 1468 2084 Puri

406 2107 515 2175 nuntii,
531 2112 625 2165 ostrea
643 2101 774 2178 Tarenti,
786 2103 978 2184 pectunculus
1078 2103 1175 2183 helops
1190 2101 1332 2177 Rhodius,
1346 2112 1420 2169 sacti
1431 2106 1469 2169 Ci-

406 2189 482 2262 lices,
497 2207 584 2250 nuces
601 2186 729 2260 Thasiae,
740 2188 843 2270 palma
858 2188 1007 2269 Aepyptia,
1022 2187 1106 2267 plano
1121 2187 1259 2251 Hiberico

347 2406 391 2457 400
514 2394 539 2456 01
555 2401 700 2473 quantum
717 2411 826 2474 operae
841 2394 1003 2475 sumpsisti,
1026 2404 1060 2455 ut
1079 2403 1149 2457 tuus
1170 2393 1267 2473 pistor
1281 2394 1394 2458 bonum
1408 2396 1468 2458 lace·

405 2490 452 2541 rat
467 2497 586 2562 panem,
609 2479 673 2540 eius
695 2478 902 2541 duodecimam
924 2480 1130 2561 philosophiae
1146 2479 1290 2554 dedisses,
1314 2482 1377 2562 ipse
1390 2482 1468 2544 bonus

405 2565 462 2626 iam
477 2564 594 2645 pridem
609 2583 690 2627 esses
703 2566 809 2626 iactus.
846 2583 929 2627 nunc
951 2565 1034 2627 illum
1049 2567 1101 2646 qui
1117 2574 1248 2640 norunt,
1271 2566 1376 2629 volunt
1389 2584 1467 2629 cruere

406 2649 524 2712 milibus
540 2657 671 2723 centum,
687 2657 716 2711 te
731 2651 783 2730 qui
800 2650 891 2725 novit,
908 2669 997 2713 nemo
1012 2652 1159 2714 centussis

793 2821 883 2873 ΠΕΡΙ
900 2818 1101 2877 ΕΞΑΓΩΓΗΣ

348 3002 392 3051 tub
611 2995 770 3069 quemnam
805 2999 836 3052 te
863 2906 928 3053 essi
941 2906 1056 3062 (cilcam,
1078 2991 1143 3051 ferd
1166 2991 1218 3069 qui
1240 2997 1334 3054 mauri
1356 3002 1466 3075 corporo

675 3077 803 3138 fervidos
829 3077 957 3138 lentium
984 3075 1084 3155 aperis
1110 3076 1194 3139 lacus
1219 3079 1375 3157 sanguinis
1398 3088 1466 3157 teque

675 3166 733 3223 vlla
748 3163 827 3225 levas
843 3163 940 3223 lerreo
956 3158 1042 3223 ensi?

287 3387 290 3392 ·
348 3376 392 3427 too
512 3362 700 3425 Andromeda
715 3365 813 3427 vincta
828 3374 859 3427 et
879 3281 1032 3447 pllitigiu
1049 3373 1117 3426 ceto
1134 3385 1195 3428 000
1212 3366 1317 3431 debuit
1331 3369 1406 3450 patri
1416 3384 1465 3436 000

406 3447 520 3509 homini
534 3449 745 3529 stupidissima,
761 3452 791 3512 in
809 3470 842 3512 os
857 3470 966 3531 spuere
981 3448 1106 3511 vitam‘l'

490 3635 541 3686 402
559 3633 593 3685 Ν.
609 3650 638 3701 p,
656 3638 689 3688 94
706 3634 816 3686 dextima
832 3635 837 3703 Ι
852 3634 950 3687 exitum
968 3650 998 3687 00
1017 3635 1084 3688 10100
1100 3638 1260 3689 maianus
1277 3637 1309 3691 111
1325 3653 1354 3704 p.
1371 3640 1415 3692 980
1436 3649 1468 3687 er·

405 3708 475 3753 tome
493 3702 589 3754 exitum
608 3702 640 3754 ud
658 3703 745 3755 000100
762 3701 887 3755 Noniani
904 3705 970 3755 iibri

490 3772 540 3824 403
560 3769 661 3822 Gellius
675 3770 707 3822 Vl
722 3773 753 3824 lli
768 3773 773 3838 Ι
788 3787 893 3824 murena
912 3773 1028 3825 10000010.
1058 3772 1167 3837 reliqua
1180 3773 1315 3835 facillime
1326 3776 1468 3829 revomit?

405 3839 442 3890 ad
457 3841 579 3889 senarios
595 3838 670 3890 uelut
687 3854 755 3905 paro
775 3840 808 3892 lx
826 3840 912 3906 Semo,
930 3840 1018 3908 Phryx
1036 3844 1152 3906 attagen,
1171 3857 1233 3908 grus
1244 3842 1347 3910 1101100,
1365 3840 1469 3897 metio

405 3906 549 3972 Ambracia,
567 3906 685 3975 pelamys
698 3907 1010 3972 00010010010,00000000
1023 3906 1119 3973 Sicula,
1137 3910 1211 3961 000111
1225 3910 1392 3979 Pessinuntii,
1401 3908 1469 3966 001111

404 3973 519 4038 Tarenti,
537 3975 645 4027 Lesbius
662 3977 841 4041 pectunculus,
861 3976 939 4043 lupus
951 3976 1063 4046 Timavi,
1081 3975 1174 4044 helops
1192 3977 1397 4045 Rhodi,.ililloes
1412 3977 1469 4040 00011

405 4058 458 4096 nux
475 4039 578 4107 Thisia,
597 4043 683 4109 palma
701 4044 823 4113 Aegypti,
841 4044 917 4110 glans
935 4046 1063 4101 Hiberica.
1094 4051 1226 4100 secuntur
1243 4064 1338 4101 uermes
1347 4046 1471 4117 aaut&

405 4126 471 4177 quoa
487 4115 578 4176 poluit
595 4112 658 4173 fieri
675 4118 708 4164 ul
725 4130 761 4165 etc
777 4114 871 4165 eadem
889 4114 1024 4167 Varronis
1049 4118 1149 4166 satura
1172 4120 1374 4181 grammaticus
1390 4116 1470 4172 M

406 4181 480 4231 derel
491 4177 502 4247 ll
513 4182 564 4233 lot
583 4179 685 4233 Gellius
703 4180 749 4233 XV
764 4185 804 4247 19,
817 4184 832 4234 2

491 4247 657 4317 40011000.
667 4252 717 4305 336
727 4250 814 4303 levare
828 4250 835 4318 l
850 4250 952 4318 leram!
965 4250 1285 4318 locupletemini
1300 4252 1306 4323 Ι
1321 4247 1472 4324 emeli
