3417 4934
757 471 912 527 SATVRAE
1331 472 1372 531 29

262 649 453 712 toorneolus
467 648 533 723 luit,
547 655 670 710 aetatem
688 645 766 708 bene
780 645 903 722 ferebat,
919 646 1005 725 niger
1019 655 1161 727 11111111
1177 665 1293 710 corvus.
1315 666 1370 709 no·
1391 657 1406 709 8

292 753 392 797 reram
407 734 560 796 hominem
584 733 653 795 olim
677 732 803 796 oliorum
829 742 860 795 et
874 733 970 795 adhue
985 732 1064 794 salax
1079 742 1152 794 erat
1180 751 1240 795 non
1254 734 1371 795 meher-

293 821 374 884 cules
396 820 480 883 illum
503 828 576 901 puto
599 822 630 881 in
647 819 735 881 domo
752 837 857 880 canem
872 818 1035 898 reliquisse.
1065 819 1156 881 immo
1172 819 1260 882 etiam
1276 819 1372 900 pulla-

292 908 354 970 n’us
369 914 446 981 erat,
461 904 560 968 omnis
574 904 725 967 minervae
740 905 840 966 homo.
871 922 928 966 nee
942 903 1091 984 improbo,
1106 905 1165 966 hoe
1178 904 1274 968 solum
1290 906 1370 967 enim

262 1006 274 1058 t
291 1010 394 1056 secum
408 990 496 1054 tulit’.

375 1078 452 1140 haec
466 1076 602 1139 Phileros
619 1075 702 1150 dixit,
726 1075 773 1137 illa
790 1075 992 1157 Ganymedes:
1016 1075 1153 1137 ‘narratis
1168 1077 1248 1155 quod
1265 1094 1322 1138 nee
1336 1077 1372 1139 ad
1394 1072 1440 1141 44

290 1163 404 1226 eaelum
428 1181 486 1225 nec
501 1162 537 1224 ad
553 1169 664 1223 terram
679 1162 827 1242 pertinet,
850 1179 919 1223 cum
935 1160 1053 1222 interim
1071 1179 1160 1222 nemo
1175 1168 1276 1235 curat,
1298 1161 1370 1242 quid

288 1268 410 1312 annona
433 1248 560 1310 mordet
589 1266 651 1309 non
667 1246 854 1309 mehercules
875 1246 964 1308 hodie
987 1246 1110 1308 buccam
1133 1247 1220 1327 panis
1234 1247 1405 1309 inveniret

289 1335 383 1417 potui.
415 1343 446 1396 et
460 1333 611 1415 quomodo
627 1331 745 1396 siccitas
759 1340 939 1413 perseverat.
965 1332 1023 1393 iam
1038 1350 1151 1394 annum
1166 1332 1289 1395 esuritio
1304 1333 1369 1396 luit

261 1434 270 1485 t
290 1420 398 1484 aediles
410 1420 489 1482 male
499 1419 623 1492 eveniat,
639 1418 690 1498 qui
703 1436 771 1480 cum
783 1418 946 1499 pistoribus
956 1418 1113 1480 colludunt
1123 1416 1228 1480 “serva
1238 1436 1295 1494 me,
1307 1437 1369 1481 ser·
1389 1431 1404 1480 3

290 1506 360 1570 rabo
373 1504 433 1568 te”.
444 1506 545 1586 itaque
556 1504 686 1586 populus
698 1504 832 1566 minutus
843 1504 973 1579 laborat,
987 1523 1055 1566 nam
1067 1504 1114 1566 isti
1128 1504 1254 1567 maiores
1266 1504 1368 1566 maril-

287 1592 330 1655 lae
351 1609 475 1673 semper
489 1590 657 1652 Saturnalia
672 1597 774 1670 agunt.
804 1610 822 1651 o
837 1590 862 1651 si
878 1588 1055 1652 haberemus
1069 1589 1136 1652 illos
1150 1589 1268 1664 leones,
1292 1608 1368 1669 quos
1389 1600 1403 1649 1

287 1696 340 1759 ogo
355 1678 406 1741 hic
422 1676 534 1751 inveni,
550 1694 619 1737 cum
635 1675 765 1757 primum
781 1694 817 1736 ex
833 1674 901 1737 Asia
916 1676 995 1736 veui.
1024 1674 1096 1737 illud
1113 1684 1177 1737 erat
1191 1676 1297 1737 virere.
1326 1675 1366 1738 si·
1388 1686 1403 1735 1

288 1763 365 1826 milia
388 1762 483 1826 sicilia
505 1762 664 1824 interiores
686 1770 716 1822 et
731 1760 828 1823 laruas
843 1761 887 1823 sic
902 1761 975 1823 istos
989 1761 1240 1842 percolopabant,
1262 1770 1296 1823 ut
1310 1761 1368 1824 illis

261 1863 267 1912 t
286 1849 398 1931 lnpiter
422 1850 515 1911 iratus
537 1855 624 1909 esset.
647 1843 718 1931 [sed]
741 1847 863 1908 memini
880 1847 1039 1909 Safinium:
1062 1855 1137 1909 tunc
1158 1846 1308 1910 habitabat
1329 1847 1365 1909 ad
1387 1858 1402 1907 6

285 1953 386 1997 arcum
402 1943 545 2008 veterem,
560 1952 609 1994 me
623 1951 729 2013 puero,
745 1932 840 2013 piper,
858 1951 920 1995 uon
936 1933 1036 1994 homo.
1060 1933 1085 1995 is
1100 1951 1280 2014 quacunque
1295 1932 1365 2008 ibat,
1386 1944 1400 1993 1

285 2030 394 2083 terram
411 2018 564 2082 adurebat
587 2019 638 2080 sed
654 2027 763 2093 rectus,
779 2018 831 2080 sed
847 2026 957 2093 certus,
973 2018 1086 2081 amicus
1100 2019 1205 2092 amico,
1220 2037 1289 2080 cum
1305 2037 1365 2098 quo

283 2107 426 2169 audacter
447 2123 551 2187 posses
573 2103 603 2165 in
627 2103 761 2166 tenebris
782 2104 903 2166 micare.
933 2104 965 2166 in
988 2104 1069 2166 curia
1092 2113 1190 2166 aulem
1214 2105 1363 2183 quomodo
1385 2115 1400 2166 8

282 2193 419 2271 singulos
434 2186 498 2275 [rel]
513 2188 625 2271 pilabat
640 2183 816 2275 [tractabat],
832 2208 889 2253 nec
904 2189 1039 2251 schemas
1054 2189 1232 2268 loquebatur
1246 2191 1296 2252 sed
1312 2191 1365 2252 de-

261 2297 263 2330 1
282 2287 409 2342 rectum.
439 2295 507 2339 cum
524 2284 626 2355 ageret
640 2293 732 2357 porro
748 2276 779 2337 in
795 2278 880 2350 l'orc,
902 2276 946 2337 sic
960 2275 1040 2338 illius
1056 2294 1112 2337 vox
1127 2276 1282 2339 crescebat
1295 2284 1363 2338 tan-
1384 2287 1400 2337 9

282 2383 373 2445 quam
395 2362 478 2426 tuba.
509 2380 566 2423 nec
588 2360 703 2423 sudavit
724 2378 857 2440 unquam
881 2380 938 2423 nec
954 2362 1067 2441 expuit,
1089 2370 1162 2443 puto
1177 2380 1245 2423 eum
1262 2363 1364 2425 nescio

281 2449 352 2531 quid
377 2448 491 2512 Asiadis
513 2446 663 2510 habuisse.
707 2456 737 2507 et
758 2465 846 2526 quam
870 2446 1020 2526 benignus
1042 2448 1218 2523 resalutare,
1241 2448 1364 2510 nomina
1386 2459 1415 2509 11

281 2536 417 2597 omnium
439 2534 579 2608 reddere,
601 2541 741 2613 tanquam
765 2551 844 2594 unus
867 2531 904 2593 de
920 2532 1016 2594 nobis.
1045 2532 1146 2614 itaque
1161 2533 1211 2595 illc
1227 2543 1363 2613 tempore

280 2638 405 2683 annona
419 2637 475 2701 pro
491 2619 554 2681 luto
570 2627 642 2680 erat.
673 2636 737 2681 asse
752 2635 861 2698 panem
878 2635 965 2696 quem
982 2617 1119 2694 emisses,
1136 2637 1197 2680 non
1213 2619 1363 2699 potuisses
1385 2629 1413 2680 11

278 2725 349 2770 eum
372 2705 467 2768 altero
481 2706 632 2767 devorare.
664 2722 747 2765 nunc
769 2702 890 2764 oculum
906 2702 1030 2764 bublum
1046 2702 1104 2764 vidi
1119 2705 1272 2765 maiorem.
1303 2704 1362 2765 heu
1385 2715 1412 2765 12

278 2793 349 2867 heu,
374 2790 507 2872 quotidie
529 2791 625 2871 peius.
655 2790 729 2851 haec
752 2788 869 2851 colonia
891 2795 1077 2851 retroversus
1099 2790 1206 2852 crescit
1220 2798 1362 2870 tanquam

278 2877 356 2941 coda
377 2876 471 2939 vituli.
501 2879 554 2939 sed
577 2893 670 2955 quare
692 2894 749 2936 uos
771 2874 915 2936 habemus
933 2874 1056 2936 aedilem
1071 2875 1161 2936 trium
1177 2875 1361 2951 cauciacum,
1384 2886 1412 2937 13

279 2964 332 3045 qui
356 2962 413 3025 sibi
436 2962 548 3024 mavult
569 2980 664 3024 assem
687 2979 775 3041 quam
791 2961 880 3022 vitam
898 2958 1053 3022 nostram?
1076 2961 1177 3042 itaque
1192 2962 1272 3023 domi
1287 2980 1361 3041 gau·

279 3050 342 3125 det,
356 3048 426 3130 plus
440 3048 472 3110 in
489 3047 535 3110 die
552 3065 743 3110 nummorum
758 3046 877 3127 accipit,
893 3064 981 3126 quam
997 3046 1071 3107 alter
1085 3046 1296 3127 patrimonium
1308 3049 1361 3109 ha·

279 3135 342 3197 het
372 3135 431 3196 iam
447 3134 519 3213 scio,
543 3134 623 3195 unde
638 3132 787 3213 acceperit
801 3131 940 3193 denarios
955 3131 1035 3193 mille
1050 3150 1165 3195 araneos.
1195 3133 1247 3195 sed
1263 3133 1288 3196 si
1303 3154 1360 3197 nos
1381 3143 1409 3193 14

277 3220 383 3284 coleos
405 3219 597 3294 haberemus,
620 3237 683 3280 nou
699 3226 814 3280 tantum
830 3217 887 3279 sibi
902 3218 1043 3298 placeret
1074 3237 1156 3281 nuuc
1171 3220 1301 3300 populus
1315 3228 1362 3283 est

276 3305 361 3370 domi
376 3306 489 3382 leones,
506 3307 584 3368 loras
598 3305 710 3384 vulpes.
738 3304 817 3383 quod
833 3303 868 3364 ad
884 3321 933 3365 me
948 3304 1063 3378 attinet,
1078 3303 1135 3364 iam
1147 3323 1264 3384 pannos
1276 3324 1360 3367 meos
1382 3315 1410 3365 15

276 3392 413 3465 comedi,
436 3392 512 3453 etsi
534 3399 705 3473 perseverat
726 3390 799 3451 haec
821 3406 959 3463 annona,
986 3388 1100 3451 casulas
1121 3408 1202 3454 meas
1224 3392 1359 3453 vendam.

276 3479 349 3558 quid
372 3477 454 3540 enim
477 3478 611 3539 futurum
635 3483 694 3549 est,
717 3475 741 3537 si
765 3494 821 3536 nec
840 3476 880 3536 dii
897 3493 954 3536 uec
969 3474 1106 3537 homines
1120 3476 1209 3538 huius
1223 3477 1358 3539 coloniae
1381 3487 1409 3537 16

275 3560 482 3627 miserentur?
503 3563 545 3625 ita
560 3581 643 3624 meos
658 3562 816 3636 fruniscar,
839 3569 873 3624 ut
888 3578 943 3639 ego
961 3570 1033 3640 puto
1049 3561 1149 3623 omnia
1165 3562 1212 3624 1111
1228 3581 1245 3624 1
1260 3563 1358 3625 diibus

261 3650 351 3714 theri.
371 3644 377 3733 Ι
399 3666 488 3711 nemo
504 3649 584 3711 enirn
600 3648 713 3711 caelum
729 3648 842 3709 caelum
862 3655 963 3727 putat,
985 3665 1074 3708 nemo
1090 3646 1234 3710 ieiunium
1249 3658 1355 3723 servat,
1378 3657 1405 3708 11

273 3753 366 3799 nemo
382 3734 482 3796 lovem
505 3735 558 3815 pili
579 3734 664 3810 lacit,
687 3733 737 3794 sed
755 3751 860 3795 omnes
875 3732 987 3813 opertis
1003 3731 1097 3795 oeulis
1112 3732 1192 3795 hona
1206 3753 1259 3796 sua
1274 3751 1355 3796 com·

271 3828 393 3902 putant
413 3815 419 3903 Ι
438 3828 525 3882 antea
538 3821 662 3883 stolatae
677 3818 760 3880 ibant
775 3818 864 3881 nudis
879 3817 1006 3898 pedibus
1020 3818 1051 3879 in
1064 3818 1182 3893 clivum,
1198 3821 1291 3900 passis
1306 3837 1354 3881 ca·
1378 3829 1406 3881 18

273 3907 365 3986 pillis,
381 3906 533 3969 mentibus
547 3906 641 3987 puris,
656 3912 688 3967 ct
701 3903 799 3967 lovem
819 3922 925 3983 aquam
941 3902 1114 3966 exorabant.
1143 3905 1243 3984 itaque
1258 3904 1354 3967 statim

348 4062 375 4111 .2
390 4058 556 4110 mulierosum
572 4058 706 4119 Heinsius,
728 4054 927 4109 molimclierurn
948 4069 998 4120 ego
1015 4058 1118 4107 conieci
1135 4054 1145 4122 Ι
1164 4058 1180 4109 3
1195 4055 1334 4122 puellarius
1345 4056 1355 4127 ΙΙ

270 4128 396 4181 1111111
408 4126 419 4194 Ι
433 4128 464 4179 13
483 4128 612 4191 temptaui
629 4126 650 4177 si
669 4124 752 4177 simila
775 4124 858 4177 silicia
881 4123 988 4176 interior
1002 4122 1144 4205 11111119
1162 4123 1285 4205 dilectum
1297 4124 1307 4191 Ι
1320 4128 1351 4179 tt

269 4194 723 4330 ffifflmsslfilff320213313235
739 4192 890 4312 'lamam
907 4208 959 4245 uon
978 4197 1054 4245 tuum
1077 4190 1088 4260 Ι
1114 4194 1148 4244 el
1167 4193 1352 4261 1111311111
