3417 4934
749 511 903 566 servunt
1330 513 1368 570 11

254 686 386 748 theare
401 682 501 761 debui,
524 702 593 747 oum
609 685 687 748 tame
708 683 866 747 morerer?
895 702 933 747 an
948 684 1085 747 videlicet
1099 685 1231 748 audirem
1248 696 1371 749 senten-

232 833 236 840 ,
287 770 350 848 tias,
374 768 405 834 id
427 779 472 833 est
491 770 586 833 vitrea
608 772 699 833 fracta
715 779 745 833 et
759 771 946 833 somniorum
961 769 1248 852 interpretamenta?
1278 773 1372 834 multo
1393 783 1407 833 2

289 875 335 920 me
349 855 470 938 turpior
485 875 519 919 es
533 864 567 919 tu
581 855 712 931 hercule,
736 857 787 937 qui
803 865 836 920 ut
852 856 925 919 foris
940 875 1073 932 cereres,
1095 868 1213 937 poetam
1227 857 1371 921 laudasti’.

205 1023 206 1027 Ἰ
373 942 475 1023 itaque
491 960 528 1004 ex
543 942 714 1023 turpissima
725 942 777 1004 lite
792 942 822 1004 in
839 942 932 1005 risum
948 942 1046 1006 diiiusi
1061 943 1195 1024 pacatius
1211 944 1246 1005 ad
1259 944 1372 1024 reliqua
1393 954 1409 1003 3

205 1038 209 1066 ³
262 1027 463 1092 successimus

819 1118 835 1155 R

372 1217 479 1262 rursus
501 1199 532 1261 in
555 1198 730 1261 memoriam
754 1209 910 1263 revocatus
933 1200 1059 1263 iniuriae
1087 1198 1226 1283 ‘Ascylte'
1248 1198 1373 1279 inquam
1394 1212 1410 1261 4

292 1284 440 1365 ‘intellego
465 1283 552 1347 nobis
575 1284 738 1347 convenire
761 1305 823 1347 non
846 1304 946 1366 posse.
974 1286 1075 1366 itaque
1090 1304 1266 1348 communes
1281 1285 1372 1347 sarci·

293 1370 372 1434 nulas
382 1370 947 1452 partiamuracpaupertatemnostram
958 1372 1080 1453 privatis
1091 1370 1264 1452 quaestibus
1275 1378 1372 1451 temp-

214 1485 218 1490 ·
293 1465 383 1519 temus
398 1455 558 1536 expellere.
596 1465 626 1519 et
648 1465 681 1518 tu
704 1456 818 1519 litteras
839 1457 899 1519 scis
920 1466 950 1519 et
970 1476 1036 1538 ego.
1074 1475 1112 1519 ne
1128 1455 1300 1538 quaestibus
1314 1456 1410 1518 tuis5

259 1550 279 1600 11
294 1540 414 1617 obstem,
438 1541 518 1603 aliud
541 1541 651 1622 aliquid
674 1542 862 1623 promittam;
885 1542 996 1622 alioqui
1018 1542 1100 1605 mille
1119 1561 1225 1606 causae
1241 1542 1373 1621 quotidie

294 1646 342 1691 nos
357 1627 504 1691 collident
519 1634 549 1689 et
569 1645 625 1708 per
639 1635 733 1690 totam
748 1628 853 1691 urbem
872 1628 1043 1691 rumoribus
1058 1627 1216 1692 different'.
1247 1646 1308 1689 non
1324 1646 1374 1689 re·
1395 1640 1410 1688 6

296 1714 402 1777 cesavit
424 1712 559 1794 Ascyltos
580 1722 611 1776 et
633 1713 741 1777 ‘hodie'
763 1714 863 1794 inquit
885 1715 966 1795 ‘quia
981 1724 1124 1795 tanquam
1146 1713 1314 1777 scholastici
1337 1712 1373 1773 ad

215 1871 220 1882 ¹
297 1815 395 1861 renam
418 1798 622 1880 promisimus,
646 1818 707 1860 non
730 1802 891 1882 perdamus
914 1808 1045 1865 noctem.
1090 1819 1156 1863 cras
1173 1807 1282 1873 autem,
1305 1799 1374 1879 quia

206 1873 211 1900 ¹
295 1883 346 1948 hoc
361 1883 446 1960 libet,
470 1892 500 1945 et
522 1883 737 1947 habitationem
759 1886 832 1947 mihi
847 1886 1027 1968 prospiciam
1043 1896 1074 1948 et
1088 1887 1215 1967 aliquem
1230 1882 1374 1949 iratrem’.

205 2046 211 2074 f
258 1965 416 2033 tetardum
431 1969 486 2032 est‘
501 1969 624 2050 inquam
640 1970 771 2034 ‘differre
787 1971 868 2051 quod
883 1971 989 2052 placet’
1390 1984 1404 2032 1

820 2079 838 2117 ¹¹

368 2140 448 2203 hanc
459 2148 520 2202 tam
532 2141 726 2222 praecipitem
739 2142 915 2205 divisionem
926 2142 1020 2205 libido
1033 2141 1172 2220 iaciebat3
1190 2142 1248 2205 iam
1261 2141 1373 2204 dudum

291 2227 366 2289 enim
386 2226 503 2289 amoliri
525 2226 682 2307 cupiebam
709 2229 865 2292 custodem
890 2229 1060 2303 molestum,
1088 2237 1122 2291 ut
1145 2238 1277 2291 veterem
1303 2246 1373 2290 cum

293 2312 396 2375 Gitone
411 2331 479 2375 meo
495 2312 643 2375 rationem
658 2315 833 2377 reducerem

820 2422 837 2460 t

369 2492 529 2565 postquam
550 2483 672 2546 lustrari
695 2486 789 2548 oeulis
811 2494 904 2548 totam
927 2485 1042 2564 urbem,
1068 2486 1099 2547 in
1123 2484 1258 2547 cellulam
1282 2485 1369 2563 redii,
1389 2483 1429 2551 11

256 2569 457 2651 recentisque
480 2568 600 2631 tandem
622 2568 702 2632 bona
725 2572 783 2634 flde
806 2572 917 2634 exactis
936 2571 1023 2649 alligo
1039 2570 1194 2633 artissimis
1210 2572 1373 2651 complexi-

205 2643 219 2690 o
292 2654 345 2719 bus
359 2672 490 2737 puerum
505 2656 648 2735 fruorque
664 2656 738 2719 votis
753 2676 849 2737 usque
865 2657 901 2718 ad
916 2656 1056 2719 invidiam
1071 2655 1218 2719 felicibus.
1249 2675 1306 2718 nec
1321 2660 1373 2721 ad·
1395 2669 1409 2718 2

292 2741 347 2804 hnc
362 2741 484 2822 quidem
500 2742 601 2803 omnia
620 2751 706 2804 crant
726 2743 813 2817 iacta,
837 2761 907 2804 curn
922 2742 1058 2823 Ascyltos
1079 2742 1183 2803 furtim
1205 2760 1238 2804 se
1259 2742 1375 2808 foribus

291 2825 417 2890 admovit
433 2826 634 2907 discussisque
651 2829 809 2891 fortissime
829 2828 968 2892 claustris
988 2827 1102 2889 invenit
1122 2846 1171 2889 me
1193 2845 1262 2889 oum
1283 2829 1375 2893 fratre

292 2911 453 2976 ludentem.
497 2912 560 2975 risu
582 2913 682 2993 itaque
710 2914 879 2996 plausuque
901 2914 1038 2977 cellulam
1068 2913 1208 2993 implevit,
1238 2922 1375 2993 opertum

211 3072 217 3082 ¹
254 3003 337 3060 time
358 2997 487 3061 amiculo
511 2998 618 3061 evolvit
640 3009 670 3061 et
691 3000 773 3081 ‘quid
796 3000 913 3081 agebas’
935 3001 1035 3081 inquit
1057 3000 1161 3061 ‘frater
1180 3000 1376 3078 sanctissime,
1398 3010 1413 3059 3

205 3075 209 3166 f
292 3083 342 3163 qui
364 3084 469 3147 diverti
486 3083 721 3148 contubernium
736 3084 839 3149 facisl’
871 3104 928 3148 uec
946 3105 978 3149 se
993 3085 1090 3149 solum
1105 3086 1184 3147 intra
1198 3084 1288 3147 verba
1304 3097 1414 3149 con-4

205 3194 212 3211 ¹
292 3169 388 3249 tinuit,
410 3170 461 3232 sed
484 3170 584 3232 lorum
605 3170 642 3234 de
665 3190 738 3253 pera
760 3172 846 3234 solvit
867 3180 898 3234 et
916 3190 963 3233 me
979 3171 1079 3251 coepit
1094 3189 1155 3232 non
1171 3173 1376 3249 perfunctorie

289 3255 457 3330 verberare,
473 3254 597 3319 adiectis
620 3257 708 3320 etiarn
731 3256 935 3339 petulantibus
956 3257 1056 3323 dictis:
1079 3257 1132 3319 ‘sic
1155 3256 1283 3320 dividere
1305 3277 1373 3321 cum

205 3357 210 3374 ¹
292 3340 381 3403 fratre
396 3339 503 3404 nolito'

822 3427 838 3462 a

205 3511 206 3539 t
252 3516 275 3568 to
377 3511 572 3575 veniebamus
587 3513 618 3574 in
635 3514 735 3576 lorum
749 3514 907 3576 deficiente
921 3514 979 3575 iam
994 3513 1051 3590 die,
1073 3514 1105 3575 in
1127 3531 1187 3592 quo
1209 3515 1375 3577 notavimus
1391 3511 1433 3580 12

292 3596 493 3677 frequentiam
509 3617 611 3661 rerum
627 3599 785 3677 venalium,
809 3619 871 3662 non
895 3600 1017 3679 quidem
1038 3599 1239 3680 pretiosarum
1261 3601 1312 3662 sed
1333 3610 1377 3661 ta·

292 3699 360 3744 men
377 3700 506 3763 quarum
528 3684 616 3747 fidem
639 3686 715 3747 male
737 3685 938 3748 ambulantem
955 3685 1121 3747 obscuritas
1136 3685 1280 3765 temporis
1296 3686 1377 3747 iacil-

291 3766 361 3829 lime
375 3776 501 3849 tegeret.
532 3789 601 3834 oum
625 3789 696 3851 ergo
720 3780 750 3833 et
771 3772 828 3852 ipsi
850 3778 968 3851 raptum
984 3770 1140 3833 latrocinio
1156 3771 1278 3851 pallium
1293 3770 1378 3834 detu-
1400 3784 1414 3833 2

205 3928 209 3940 ,
291 3851 439 3933 lissemus,
451 3855 495 3917 uti
507 3857 665 3919 occasione
678 3857 933 3938 opportunissima
945 3856 1197 3937 coepimusatque
1209 3858 1240 3917 in
1250 3856 1378 3935 quodam

205 3944 209 3976 ³
250 3947 274 3998 11
293 3939 404 4020 angulo
420 3940 559 4003 laciniam
576 3951 737 4005 extremam
759 3952 932 4022 concutere,
953 3943 978 4004 si
1001 3961 1090 4022 quem
1115 3943 1191 4003 forte
1214 3950 1378 4022 emptorem

293 4024 438 4106 splendor
452 4029 541 4090 vestis
556 4037 659 4110 posset
673 4030 830 4091 adducere.
876 4046 933 4090 nec
949 4028 1000 4090 diu
1018 4035 1151 4090 moratus
1169 4028 1298 4090 rusticus
1313 4028 1380 4108 qui·
1400 4039 1416 4088 3

293 4109 363 4171 dam
379 4111 532 4177 familiaris
547 4115 642 4177 oculis
655 4115 730 4178 meis
746 4132 815 4177 curn
828 4114 1005 4176 muliercula
1021 4114 1129 4176 comite
1140 4112 1266 4195 propius
1277 4132 1377 4177 acces-

381 4231 397 4284 2
415 4231 526 4285 vitream
543 4230 672 4302 1111111111
687 4235 716 4288 11
737 4231 854 4285 delerent
866 4232 876 4295 l
890 4236 922 4285 14
940 4230 1018 4283 alium
1037 4232 1202 4284 castaeorum
1220 4230 1231 4299 l
1250 4233 1280 4285 18
1299 4230 1379 4285 dedu·

293 4299 450 4366 1111111126
468 4299 531 4368 quid
549 4301 575 4355 .i.
592 4300 856 4356 vertieontobernium
868 4300 880 4372 l
893 4303 926 4357 at
944 4299 1037 4354 talium
1055 4299 1193 4353 1111111111
