3417 4934
705 442 861 497 servule
1285 441 1322 499 15
1432 463 1434 467 ·

205 627 208 633 ’
248 624 341 689 crimis
356 623 388 685 in
404 620 499 684 risum
515 626 596 681 mota
611 618 827 682 descendentes
841 616 879 679 ab
900 634 973 680 aure
993 616 1116 697 capillos
1149 634 1232 679 meos
1253 617 1332 679 lenta

248 728 332 774 nanu
347 707 432 770 duxit
450 706 457 788 Ι
475 713 505 768 et
520 704 619 768 ‘iccio'
634 704 732 784 inquit
746 703 888 766 ‘indutias
902 700 1068 782 vobiscum,
1094 709 1124 764 at
1139 719 1156 763 a
1172 704 1333 766 constituta
1357 713 1371 762 5

247 798 291 860 lite
305 794 434 857 dimitto.
473 790 554 871 quod
573 793 579 869 l
598 791 623 852 si
644 809 706 852 non
728 789 908 853 adnuissetis
930 789 967 850 de
989 788 1046 850 hac
1070 788 1219 851 medicina
1242 808 1332 869 quam
1421 827 1423 830 -

247 890 323 965 pato,
337 882 397 943 iam
413 885 516 961 parata
527 876 632 939 eratin
646 875 809 939 crastinum
825 873 924 952 turba,
940 892 1016 954 quae
1032 881 1063 936 et
1077 874 1220 937 iniuriam
1236 892 1331 938 meam

249 967 408 1032 vindicaret
424 972 454 1026 et
469 962 658 1042 dignitatem:

398 1048 553 1113 contemni
571 1056 659 1129 turpe
676 1056 729 1128 est,
744 1046 841 1126 legem
856 1047 969 1109 donare
984 1044 1165 1126 superbum;
1353 1055 1368 1104 o

441 1135 500 1197 hoc
514 1153 593 1210 amo,
609 1134 690 1214 quod
707 1150 829 1214 possum
845 1149 905 1212 qua
920 1131 993 1194 libet
1007 1131 1051 1193 ire
1064 1130 1121 1193 via.

396 1239 468 1283 nam
482 1238 555 1284 sane
571 1228 602 1281 et
616 1219 736 1300 sapiens
752 1225 944 1299 contemptus
959 1216 1055 1296 iurgia
1070 1216 1175 1293 nectit,

445 1306 541 1386 etqui
559 1325 622 1368 non
641 1305 764 1385 iugulat,
780 1304 875 1365 victor
891 1302 974 1366 abire
989 1300 1074 1365 solet’

785 1411 802 1448 11

217 1491 237 1542 tt
330 1476 494 1559 complosis
518 1477 627 1540 deinde
649 1473 788 1538 menibus
807 1475 839 1537 in
855 1482 973 1537 tantum
989 1480 1115 1555 repente
1130 1471 1224 1536 risum
1239 1474 1335 1536 ellusa
1356 1485 1370 1534 7

255 1570 300 1643 at,
321 1571 357 1627 ut
376 1562 562 1626 timeremus.
606 1562 684 1624 idem
707 1580 743 1624 en
764 1561 855 1623 altera
877 1568 962 1643 parta
983 1569 1014 1623 et
1036 1558 1142 1622 ancilla
1158 1559 1236 1645 lecit,
1257 1577 1333 1639 quae

254 1649 330 1729 prior
355 1657 488 1729 venerat,
514 1647 593 1710 idem
615 1646 801 1729 virguncula,
827 1665 904 1727 quae
929 1663 991 1708 una
1018 1646 1188 1708 intraverat.
1233 1645 1332 1707 omnia
1343 1641 1385 1711 19

254 1734 368 1797 mimico
384 1735 447 1797 risu
463 1742 674 1809 exsonuerant,
698 1751 767 1795 cum
783 1733 905 1795 interim
921 1750 987 1811 nos,
1006 1750 1083 1813 quae
1098 1740 1159 1793 tam
1174 1731 1332 1812 repentina

254 1829 327 1884 esset
348 1821 473 1884 mutatio
500 1821 667 1882 auimomm
695 1819 780 1898 facta,
805 1819 1014 1899 ignoraremus
1040 1836 1074 1879 ac
1099 1816 1188 1879 modo
1216 1825 1334 1879 nosmet

220 1916 239 1969 tt
255 1905 332 1989 ipsos
349 1908 438 1970 modo
454 1905 597 1969 mulieres
611 1906 798 1968 intueremur

786 2013 802 2049 *

205 2105 210 2156 ς
229 2087 241 2138 i
330 2074 337 2161 Ι
356 2077 435 2139 ‘ideo
450 2077 530 2140 vetui
545 2077 633 2139 hodie
649 2077 679 2138 in
696 2078 755 2140 hoc
770 2076 941 2139 deversorio
963 2093 1144 2156 quemquam
1164 2074 1332 2137 mortalium
1355 2091 1369 2139 2

205 2179 207 2200 ²
254 2163 376 2238 admitti,
398 2171 432 2225 ut
452 2161 618 2225 remedium
640 2164 786 2225 tertianae
805 2163 871 2225 sine
886 2162 945 2224 ulla
961 2160 1202 2242 interpellatione
1217 2179 1234 2222 a
1249 2160 1333 2223 vobis

205 2315 208 2340 Ι
254 2246 438 2330 acciperem?
474 2257 509 2310 ut
529 2248 604 2310 haec
625 2248 698 2311 dixit
713 2248 868 2322 Quartilla,
884 2248 1020 2329 Ascyltos
1042 2246 1160 2327 quidem
1181 2246 1333 2327 paulisper
1352 2260 1368 2310 3

205 2345 207 2350 ’
254 2334 418 2415 obstupuit,
433 2352 490 2413 ego
504 2342 604 2397 autem
619 2335 753 2415 frigidior
768 2335 866 2398 hieme
882 2332 992 2396 Gallica
1006 2334 1102 2396 lactus
1118 2332 1233 2394 nullum
1248 2334 1332 2412 potui

219 2419 378 2483 ttrerbum
397 2421 541 2482 emittere.
586 2420 638 2482 sed
660 2420 792 2501 nequid
815 2420 929 2483 tristius
955 2429 1152 2502 expectarem,
1177 2419 1334 2480 comitatus
1355 2432 1370 2482 4
1472 2447 1475 2451 ·

254 2504 391 2570 iaciebat.
435 2512 496 2568 tres
520 2505 601 2567 euim
622 2515 708 2569 erant
728 2506 929 2584 mulierculae,
953 2507 978 2569 si
1000 2506 1072 2585 quid
1090 2505 1201 2567 vellent
1221 2502 1332 2580 conari,

253 2589 486 2670 infirmissimae,
506 2591 618 2654 scilicet
640 2601 744 2654 contra
768 2611 833 2673 nos,
857 2592 960 2674 preto
981 2592 1006 2653 si
1029 2590 1102 2653 nihil
1125 2590 1214 2665 aliud,
1240 2588 1333 2651 virilis

253 2695 341 2739 sexus
357 2683 448 2738 esset.
470 2686 499 2739 et
512 2678 675 2757 praecincti
691 2686 771 2740 certe
787 2678 875 2740 altius
890 2695 1018 2739 eramus.
1041 2676 1131 2738 immo
1147 2692 1203 2754 ego
1218 2674 1330 2738 eiciam
1353 2688 1368 2737 5

252 2761 332 2842 paria
350 2779 587 2841 composueram,
610 2773 645 2826 ut
658 2765 683 2826 si
699 2763 932 2845 depugnandum
954 2764 1041 2847 foret,
1062 2762 1127 2842 ipse
1148 2779 1217 2823 cum
1232 2760 1329 2834 Quar-

214 2859 236 2910 u
253 2848 311 2911 tilla
327 2848 535 2928 consisterem,
549 2850 685 2931 Ascyltos
701 2869 768 2913 cum
784 2850 902 2926 ancilla,
918 2848 1007 2912 Giton
1024 2866 1093 2910 cum
1108 2846 1223 2928 virgine

787 2957 804 2996 *

339 3029 414 3081 tunc
435 3036 507 3081 vero
530 3019 640 3083 excidit
661 3022 759 3085 omnis
776 3021 944 3085 constantie
959 3020 1101 3096 attonitis,
1124 3027 1249 3082 etmors
1272 3038 1333 3081 non
1356 3028 1371 3078 c

255 3102 342 3167 dubia
357 3103 538 3167 miserorum
554 3106 658 3171 oculos
673 3108 773 3189 coepit
789 3106 938 3170 obducere

776 3212 804 3253 ’*

337 3275 431 3358 ‘rogo'
447 3275 571 3355 iuquam
585 3279 726 3356 ‘domina
742 3280 766 3343 si
784 3279 855 3360 quid
870 3276 984 3341 tristius
999 3296 1095 3359 paras,
1116 3276 1243 3339 celerius
1258 3273 1385 3342 con-20

211 3456 235 3507 3⁰
253 3362 325 3512 {lgm}
340 3380 452 3529 1ᾚὲ
463 3362 543 3424 enim
559 3371 619 3426 tam
634 3383 776 3446 magnum
791 3366 908 3429 lacinus
923 3364 1104 3438 admisimus,
1127 3372 1160 3425 nt
1174 3362 1334 3425 debeamus

337 3619 445 3681 ancilla
460 3636 536 3698 quae
552 3619 666 3701 Psyche
682 3559 852 3699 vocabaiur,
875 3621 1034 3685 lodiculam
1050 3620 1081 3683 in
1101 3620 1269 3701 pavimento
1289 3621 1333 3684 di·
1355 3634 1370 3683 2

249 3703 381 3785 ligenter
395 3706 529 3769 extendit

338 3875 507 3941 sollicitavit
520 3877 646 3961 inguina
661 3898 728 3944 mea
742 3819 823 3946 mille
838 3876 1059 3963 iemfmortibus
1073 3877 1179 3960 frigida

253 4015 460 4025 ---

343 4099 354 4149 1
376 4101 474 4150 tentata
492 4100 536 4150 vel
553 4103 677 4167 temptata
696 4115 773 4152 manu
795 4101 805 4167 ll
830 4103 991 4168 deplorem
1017 4114 1064 4151 ros
1087 4098 1133 4149 lite
1157 4097 1167 4165 ll
1192 4097 1333 4169 ellectitfl

256 4167 286 4219 13
307 4165 388 4219 nimio
412 4166 478 4218 libri
493 4172 605 4234 preater
622 4170 783 4222 narnensem
804 4169 814 4237 l
836 4172 869 4223 23
889 4175 967 4235 esset,
984 4172 1011 4220 at
1029 4167 1113 4219 codex
1131 4167 1332 4233 Scaligeranua.

254 4236 279 4283 oi
295 4234 452 4302 particulae
469 4236 544 4289 locus
561 4242 621 4289 erat
637 4242 667 4289 in
681 4241 778 4306 pedore
794 4241 927 4292 sententia
944 4240 1038 4305 aparte
1054 4235 1151 4287 mutilo
