3417 4934
755 501 908 557 SATVRAE
1326 501 1367 559 53

249 686 277 737 11
379 675 441 737 ibat
462 694 512 738 res
531 675 568 737 ad
590 692 735 736 summam
756 693 910 751 nauseam,
933 694 1001 737 cnm
1024 675 1203 737 Trimalchio
1226 675 1368 737 ebrietate
1390 685 1404 734 o

291 761 466 843 turpissima
481 760 578 842 gravis
594 779 704 823 novum
719 779 865 835 acroama,
889 762 1068 836 cornicines,
1086 762 1116 823 in
1133 760 1294 824 triclinium
1310 760 1369 822 ius·

291 847 331 910 sit
345 846 462 921 adduci,
478 846 631 926 fultusque
646 846 840 908 cervicalibus
855 848 955 909 multis
971 847 1103 908 extendit
1117 867 1149 910 se
1164 865 1256 927 super
1270 856 1369 909 torum

292 941 460 995 extremum
482 942 513 995 ct
534 932 647 1013 ‘tingite
662 931 719 994 me'
741 933 839 1012 inquit
862 938 1022 994 ‘mortuum
1039 951 1113 994 esse.
1151 933 1239 994 dicite
1262 931 1371 1012 aliquid

255 1035 270 1085 5
291 1017 384 1080 belli'.
419 1036 609 1080 consenuere
624 1018 795 1080 cornicines
810 1016 930 1080 funebri
945 1018 1081 1098 strepitu.
1115 1037 1194 1081 unus
1209 1019 1371 1099 praecipue
1391 1028 1406 1076 c

292 1122 399 1167 servus
422 1103 578 1166 libitinarii
600 1103 689 1177 illius,
716 1104 769 1183 qui
790 1104 871 1166 inter
892 1103 947 1166 hos
968 1104 1195 1166 honestissimus
1218 1113 1290 1176 erat
1313 1112 1371 1165 tam

291 1189 378 1252 valde
393 1188 534 1264 intonuit,
557 1198 591 1252 ut
609 1199 700 1252 totam
716 1190 882 1251 concitaret
896 1189 1041 1251 viciniam.
1072 1189 1170 1269 itaque
1185 1190 1297 1269 vigiles,
1320 1190 1371 1269 qui
1391 1199 1406 1247 v

293 1275 504 1338 custodiebant
525 1274 650 1337 vicinam
680 1274 843 1353 regionem,
872 1275 927 1336 rati
949 1276 1053 1335 ardere
1068 1274 1297 1338 Trimalchionis
1319 1274 1373 1336 do·

293 1379 387 1443 mum,
411 1360 597 1441 effregerunt
619 1361 736 1422 ianuam
753 1360 851 1422 subito
873 1369 904 1423 et
921 1378 990 1422 cnm
1005 1379 1081 1441 aqua
1096 1359 1310 1440 securibusque
1325 1370 1373 1421 tu-

244 1461 271 1512 to
293 1446 436 1509 rnnltuari
452 1465 507 1508 sno
522 1445 588 1508 iure
603 1454 779 1525 coeperunt.
817 1465 873 1508 nos
888 1446 1074 1508 occasionem
1091 1446 1372 1527 opportunissimam
1394 1456 1410 1506 8

295 1531 377 1595 nacti
394 1532 614 1613 Agamemnoni
635 1531 725 1593 verba
747 1530 883 1594 dedimus
905 1531 1072 1612 raptimque
1093 1541 1152 1594 tam
1175 1532 1263 1613 plane
1286 1550 1373 1612 quam

294 1637 331 1680 ex
345 1618 488 1681 incendio
504 1618 641 1698 lugimus.

256 1810 278 1861 L
379 1792 386 1867 Ι
407 1806 506 1868 neque
521 1788 569 1849 lan
584 1788 642 1849 ulla
657 1788 688 1849 in
705 1788 852 1868 praesidio
869 1796 946 1863 erat,
962 1806 1038 1867 quae
1053 1789 1110 1850 iter
1124 1789 1255 1869 aperiret
1269 1806 1372 1850 erran·
1388 1784 1431 1854 79

296 1874 393 1949 tibus,
417 1891 474 1935 nec
496 1873 647 1936 silentium
670 1873 768 1935 noctis
791 1874 848 1935 ianr
865 1874 977 1935 mediae
1000 1874 1192 1954 promittebat
1214 1892 1375 1935 occurren-

247 1976 274 2027 15
297 1960 372 2023 tium
396 1959 512 2022 lumen.
549 1958 709 2021 accedebat
731 1960 790 2020 huc
813 1958 941 2021 ebrietas
967 1971 996 2020 et
1018 1959 1218 2040 imprudentia
1241 1959 1374 2021 locorum
1397 1971 1411 2019 2

296 2046 387 2109 etiam
403 2043 534 2106 interdiu
544 2045 695 2107 obfutura.
727 2045 827 2125 itaque
842 2063 910 2107 cum
927 2046 999 2106 hora
1014 2064 1110 2126 paene
1125 2056 1185 2107 tota
1201 2063 1257 2126 per
1271 2063 1377 2107 omnes
1397 2056 1413 2105 3

296 2149 426 2212 scrupos
440 2140 666 2211 gastrarumque
682 2130 879 2192 eminentium
891 2132 1055 2210 fragmenta
1067 2131 1258 2193 traxissemus
1269 2150 1377 2194 cruen-

295 2225 343 2280 tos
365 2217 474 2298 pedes,
501 2216 621 2278 tandem
644 2216 776 2295 expliciti
798 2216 936 2277 acumine
960 2216 1076 2278 Gitonis
1097 2218 1209 2279 sumusss
1246 2216 1378 2297 prudens
1399 2226 1414 2276 4

297 2303 379 2365 enim
404 2295 539 2387 [pridie]‚
568 2320 635 2364 cum
659 2302 726 2363 luce
748 2302 836 2363 etiam
861 2301 938 2363 clara
960 2303 1080 2363 timeret
1102 2320 1252 2377 errorem,
1276 2321 1380 2364 omnes

248 2404 277 2453 no
297 2388 374 2469 pilas
397 2387 612 2466 columnasque
635 2396 789 2470 notaverat
810 2397 902 2462 creta,
925 2406 1001 2466 quae
1024 2388 1204 2449 lineamenta
1227 2388 1381 2449 evicerunt

298 2472 510 2555 spississimam
527 2481 646 2534 noctem
667 2483 697 2534 et
713 2473 835 2534 notabili
852 2472 981 2534 candore
999 2472 1196 2535 ostenderunt
1211 2472 1380 2535 errantibus

298 2560 385 2621 viam
417 2558 550 2639 quamvis
565 2577 627 2620 non
644 2559 744 2620 minus
759 2558 877 2621 sudoris
892 2557 1049 2620 habuimus
1064 2559 1152 2619 ctiam
1168 2568 1325 2638 postquam
1341 2560 1376 2621 ad
1398 2570 1414 2618 o

297 2644 448 2708 stabulum
464 2644 665 2724 pervenimus.
697 2663 773 2706 anus
788 2643 868 2704 enim
884 2644 947 2723 ipsa
963 2644 1043 2704 inter
1057 2643 1253 2706 deversitores
1267 2645 1377 2706 diutius
1398 2655 1413 2703 6

298 2732 480 2811 ingurgitata
503 2746 542 2790 ne
564 2729 663 2811 ignem
691 2729 809 2808 quidem
832 2729 982 2790 admotum
1007 2730 1158 2791 sensisset.
1202 2740 1232 2791 et
1253 2730 1376 2792 forsitan

250 2828 278 2879 ro
299 2823 561 2897 pernoctassemus
583 2815 614 2878 in
637 2814 754 2886 limine,
788 2815 816 2876 ni
841 2812 1011 2876 tabellarius
1034 2814 1263 2878 Trimalchionis
1284 2815 1378 2877 inter·

299 2901 429 2964 venisset
450 2900 477 2962 X
499 2900 640 2962 vehiculis
661 2900 750 2962 dives.
796 2919 857 2961 non
881 2900 932 2961 diu
960 2919 1031 2981 ergo
1053 2901 1248 2963 tumultuatus
1270 2902 1376 2963 stabuli
1398 2912 1413 2961 t

298 2986 418 3050 ianuam
435 2986 553 3067 ebregit
568 2994 598 3048 et
612 3005 668 3048 nos
683 3004 738 3067 per
753 2985 878 3047 eandem
894 2986 973 3048 intro
989 2986 1106 3049 admisit

832 3094 848 3131 *

505 3156 601 3236 qualis
616 3174 677 3218 nor
691 3158 747 3218 tuit
761 3157 821 3232 illa,
836 3158 866 3218 di
880 3157 1021 3238 deaeque,
1398 3168 1413 3218 8

506 3260 594 3323 quam
611 3242 708 3305 mollis
722 3251 817 3305 torus.
847 3244 995 3305 haesimus
1010 3244 1141 3305 calentes

252 3340 279 3391 tt
505 3336 536 3389 et
550 3327 764 3390 transludimus
779 3328 849 3389 hinc
865 3337 896 3389 et
909 3329 981 3390 hinc
996 3328 1110 3390 labellis

506 3422 640 3476 errantes
654 3413 778 3476 animas.
807 3414 910 3489 valete,
926 3432 1015 3475 curae

505 3498 648 3561 mortahs.
678 3517 734 3577 ego
750 3499 793 3561 sic
807 3499 907 3580 perire
923 3499 1018 3579 coepi.

298 3585 365 3648 sine
388 3602 477 3647 causa
497 3578 632 3665 gratulor
653 3584 735 3646 mihi.
774 3602 841 3646 nam
865 3604 933 3646 cum
956 3587 1070 3646 solutus
1092 3602 1174 3645 mero
1198 3583 1375 3645 remisissem
1397 3594 1412 3643 9

300 3670 400 3734 ebrias
415 3688 531 3743 manus,
547 3669 695 3751 Ascyltos,
719 3671 817 3732 omnis
838 3670 964 3732 iniuriae
982 3672 1130 3745 inventor,
1152 3669 1292 3731 subduxit
1306 3668 1376 3730 mihi

255 3766 279 3816 tt
300 3768 391 3820 nocte
406 3774 533 3837 puerum
549 3764 579 3817 et
593 3756 624 3818 in
636 3755 747 3818 lectum
759 3756 910 3818 transtulit
922 3774 1020 3831 suum,
1035 3755 1242 3834 volutatusque
1257 3754 1377 3815 liberius

301 3860 370 3905 cum
393 3842 485 3905 fratre
508 3861 569 3904 non
592 3860 664 3917 suo,
694 3842 754 3903 sive
783 3861 844 3903 non
872 3842 1020 3904 sentiente
1048 3841 1186 3903 iniuriam
1210 3840 1270 3901 sive
1292 3840 1377 3901 dissi·

301 3930 451 4003 mulante‚
481 3926 653 3989 indormivit
681 3927 785 3989 alienis
807 3927 991 4009 amplexibus
1014 3926 1123 3989 oblitus
1150 3925 1223 3988 iuris
1244 3925 1377 3989 humani.

386 4084 402 4134 6
419 4078 572 4133 libertinerii
589 4079 661 4131 unde
678 4080 798 4130 coniciet
814 4080 913 4145 aliquis
930 4080 974 4148 qui
991 4080 1059 4132 inter
1071 4075 1241 4143 collibertosl
1257 4080 1286 4130 11
1301 4075 1377 4144 plane

303 4154 434 4218 tunquam
452 4146 592 4216 lamuel
613 4150 644 4201 tc
663 4147 771 4199 obscura
791 4146 802 4214 Ιι
826 4150 855 4200 1ῖ
875 4147 1004 4215 scirpos!
1028 4150 1059 4201 19
1078 4146 1159 4213 pridie
1179 4144 1378 4197 Tornnoeicna:

304 4218 415 4286 prodens
432 4217 481 4269 aad
497 4216 612 4268 deletum
630 4214 844 4284 Scaligercnuel
859 4217 892 4269 20
910 4222 1031 4283 certaque
1043 4215 1054 4282 l
1066 4217 1099 4268 23
1117 4213 1212 4266 lentius
1224 4213 1379 4284 Incedetmll

305 4288 338 4339 td
356 4288 486 4354 temptant
503 4283 634 4338 devehens
655 4283 690 4353 ιΙΙ
704 4286 736 4336 21
755 4284 832 4347 intro]
850 4287 945 4338 terram
955 4294 969 4356 q
980 4287 1013 4338 33
1031 4283 1179 4337 amisissem
