3417 4934
388 504 430 563 94
849 498 1003 555 Persouu

336 688 365 739 15
388 695 457 738 nam
472 674 614 756 quicquid
630 673 742 746 dixero,
765 672 865 736 minus
879 674 945 736 erit.
982 673 1082 735 crines
1101 673 1224 752 ingenio
1245 693 1301 737 suo
1321 674 1390 737 flexi
1408 691 1450 757 per
1507 700 1510 738 ι

388 770 468 824 totos
482 779 515 823 se
529 778 650 821 umeros
666 759 842 833 effuderant,
864 758 949 820 frons
963 758 1085 819 minima
1106 768 1137 819 et
1151 777 1227 838 quae
1247 760 1362 823 radices
1375 760 1451 842 capl-
1508 784 1510 840 ι

388 847 486 908 lorum
511 855 592 908 retro
613 844 745 918 flexerat,
771 843 929 923 supercilia
949 862 1043 923 usque
1065 844 1102 904 ad
1124 845 1268 906 malarum
1291 846 1454 927 scripturus

337 943 366 994 16
389 931 538 994 currentia
555 940 584 992 et
598 948 703 992 rursus
719 928 851 990 confinio
867 928 1015 990 luminum
1031 947 1127 1009 paene
1141 930 1299 1010 permixta,
1316 931 1394 993 oculi
1407 932 1453 994 dr·

354 1031 355 1036 ’
389 1017 485 1079 riores
505 1016 596 1078 stellis
616 1024 697 1076 extra
723 1014 825 1075 lunam
846 1013 1039 1094 fulgentibus,
1060 1033 1148 1077 nares
1166 1015 1323 1096 paululum
1344 1017 1475 1082 indonet

338 1114 365 1165 lt
388 1111 419 1164 ot
437 1101 573 1164 osculum
595 1100 681 1180 quale
696 1099 859 1162 Praxiteles
879 1098 989 1161 babere
1004 1099 1126 1161 Dianam
1142 1101 1276 1168 credidit.
1312 1102 1371 1163 iam
1385 1120 1455 1164 mon·

389 1197 463 1262 tum,
485 1188 544 1249 iam
559 1185 668 1260 cervix,
687 1185 746 1247 iam
761 1203 877 1260 manus,
898 1185 956 1245 iam
971 1185 1080 1264 pedum
1096 1185 1210 1247 candor
1224 1186 1305 1248 intra
1318 1187 1384 1249 auri
1402 1206 1455 1267 gra·

339 1284 367 1336 18
390 1272 447 1334 cile
461 1272 614 1334 vinculum
630 1272 759 1351 positus:
775 1270 896 1331 Parium
912 1287 1043 1330 marmor
1062 1270 1237 1333 extinxerat.
1275 1274 1377 1352 itaque
1398 1283 1456 1335 tunc

390 1359 520 1438 primum
536 1356 646 1419 Dorida
659 1365 744 1428 vetus
758 1365 875 1417 amator
888 1355 1056 1435 contempsi

920 1462 937 1496 ’l

498 1528 569 1609 quid
585 1527 696 1589 lactum
712 1534 766 1601 est,
781 1526 861 1605 quod
878 1533 911 1586 tu
926 1525 1077 1605 proiectis,
1093 1522 1236 1605 luppiter,
1252 1528 1344 1590 armis
1470 1534 1487 1589 l

545 1613 625 1674 inter
640 1611 796 1673 caelicolas
810 1611 908 1671 labula
923 1621 1003 1672 muta
1019 1608 1121 1672 taces?

500 1715 583 1758 nunc
598 1705 662 1759 erat
677 1715 693 1757 a
708 1706 791 1757 torva
806 1695 981 1757 submittere
997 1714 1111 1757 cornua
1125 1696 1235 1771 fronte,

545 1800 629 1844 nunc
643 1781 743 1862 pluma
759 1800 851 1844 canos
866 1781 1050 1843 dissimulare
1064 1792 1143 1842 tuos.

500 1866 573 1928 baec
587 1885 657 1928 vera
674 1876 719 1929 est
734 1866 844 1928 Danae.
875 1875 988 1947 tempta
1002 1866 1092 1927 modo
1106 1874 1230 1945 tangere
1245 1884 1368 1947 corpus,

545 1953 603 2014 iam
618 1960 668 2014 tua
683 1952 859 2015 flammifero
875 1951 1008 2013 membra
1024 1952 1123 2013 calore
1136 1951 1232 2013 fluent
1474 1957 1492 2011 tl

923 2041 941 2072 1·

325 2118 387 2187 127
480 2122 623 2184 delectata
646 2122 693 2184 illa
715 2121 781 2183 risit
795 2129 855 2182 tam
872 2121 1023 2205 blandum,
1045 2132 1079 2182 ut
1093 2121 1243 2183 videretur
1264 2122 1338 2183 mibi
1352 2121 1462 2204 plenum

395 2228 429 2271 os
444 2217 527 2270 extra
542 2206 654 2269 nubem
669 2206 740 2268 luna
755 2207 902 2287 prolerre.
925 2225 995 2269 mox
1009 2206 1109 2286 digitis
1123 2207 1363 2285 gubernantibus
1373 2224 1463 2269 vocem

395 2294 508 2356 ‘sinon
530 2291 652 2355 fastidis’
673 2292 772 2372 inquit
792 2292 943 2353 ‘feminam
960 2301 1094 2353 ornatam
1111 2303 1141 2353 et
1161 2292 1220 2354 hoc
1240 2291 1374 2372 primum
1394 2310 1463 2355 anno
1507 2303 1509 2352 ι

356 2389 371 2440 2
394 2380 488 2440 virum
505 2387 666 2459 expertam,
683 2377 810 2439 concilio
825 2377 890 2451 tibi,
906 2398 924 2438 o
940 2378 1064 2450 iuvenis,
1080 2395 1225 2439 sororem.
1252 2376 1346 2441 habes
1361 2388 1395 2440 tu
1408 2377 1465 2458 qui·
1508 2379 1509 2438 1

395 2465 462 2527 dem
477 2473 509 2527 et
522 2465 654 2540 fratrom,
678 2480 776 2542 neque
792 2463 872 2524 enim
888 2482 937 2524 me
952 2463 1049 2543 piguit
1063 2462 1225 2542 inquirere,
1246 2464 1299 2524 sed
1319 2463 1392 2542 quid
1405 2467 1498 2544 pro-'t

394 2550 478 2612 bibet
498 2561 527 2611 et
542 2568 677 2612 sororem
693 2546 859 2628 adoptare?
881 2548 984 2610 eodem
1001 2548 1093 2628 gradu
1109 2548 1206 2608 venio.
1238 2556 1272 2609 tu
1292 2557 1410 2611 tantum
1429 2547 1467 2610 di-

357 2646 373 2696 3
395 2653 488 2715 gnare
499 2645 638 2697 etmeum
652 2634 794 2708 osculum,
807 2634 1015 2707 cumbbuerit,
1027 2630 1209 2713 agnoscere.¹
1232 2632 1343 2695 ‘immo'
1355 2635 1469 2715 inquam

397 2739 453 2800 ego
469 2725 533 2802 ‘per
547 2722 673 2782 formam
688 2728 769 2781 tuam
783 2728 813 2779 te
828 2738 914 2798 rogo,
929 2738 968 2779 ne
979 2719 1109 2781 fastidias
1119 2719 1271 2780 bominem
1284 2721 1470 2800 peregrinum

397 2808 476 2867 inter
490 2806 621 2868 cultores
636 2805 801 2867 admittere.
835 2804 971 2866 invenies
986 2803 1167 2884 religiosum,
1183 2803 1207 2865 si
1222 2812 1253 2864 te
1268 2803 1388 2867 adorari
1408 2821 1470 2886 por·

396 2890 521 2952 miseris.
560 2909 594 2952 ac
616 2909 655 2952 ne
676 2908 724 2951 me
739 2889 852 2950 iudices
867 2888 904 2948 ad
918 2889 977 2949 boc
991 2889 1136 2969 templum
1154 2889 1270 2951 Amoris
1285 2891 1379 2972 gratis
1393 2895 1504 2952 accc-¹

359 2976 476 3051 edere,
499 2976 580 3037 dono
602 2976 656 3037 tibi
679 2976 800 3035 fratrem
823 2972 944 3035 meum!
984 2972 1089 3053 ‘quill
1119 2972 1160 3035 tu'
1182 2974 1281 3054 inquit
1301 2974 1353 3036 illa
1375 2977 1473 3039 donas

397 3060 470 3121 mibi
484 3078 562 3135 eum,
584 3061 649 3122 sine
671 3079 732 3140 quo
752 3078 815 3120 non
837 3067 923 3139 potos
937 3059 1044 3140 vivere,
1068 3079 1104 3122 ex
1125 3060 1210 3122 cuius
1231 3060 1335 3122 osculo
1355 3062 1473 3141 penda.

360 3154 487 3225 oquem
502 3146 546 3207 sic
561 3154 592 3207 tu
613 3164 704 3220 amas,
720 3145 970 3223 quemadmodum
987 3163 1042 3224 ego
1058 3155 1088 3206 te
1102 3143 1203 3206 rolo‘l’
1233 3146 1334 3207 haec
1326 3165 1392 3228 ipsa
1411 3164 1474 3209 cum

398 3230 519 3305 diceret,
546 3239 627 3293 tanta
652 3231 748 3311 gratia
776 3229 954 3291 conciliabat
978 3248 1083 3291 vocem
1108 3230 1270 3309 loquentis,
1295 3239 1357 3292 tam
1386 3232 1474 3295 dulc's

398 3334 491 3377 sonus
502 3324 735 3396 pertemptatum
747 3314 898 3376 mulcebat
908 3326 986 3391 atra,
998 3327 1031 3376 ut
1042 3324 1164 3396 putares
1179 3316 1259 3377 inter
1270 3333 1358 3379 auras
1370 3335 1474 3380 cancre
1488 3320 1508 3374 s

400 3400 539 3462 Sirenum
554 3401 756 3463 concordiam.
794 3400 895 3480 itaque
909 3401 1030 3463 miranti
1053 3410 1084 3462 et
1105 3412 1167 3462 toto
1182 3401 1256 3462 mibi
1271 3402 1354 3464 caelo
1372 3404 1475 3465 clarius

361 3495 377 3545 6
399 3486 500 3547 nescio
522 3486 594 3565 quid
615 3487 769 3549 relucente
790 3486 877 3548 libuit
898 3486 970 3549 deae
989 3504 1100 3548 nomen
1117 3504 1270 3566 quaerere.
1308 3485 1368 3549 ‘ita’
1383 3488 1476 3569 inquit

401 3578 473 3632 ‘non
489 3570 563 3633 dixit
576 3571 630 3632 tibi
646 3571 752 3634 ancilla
766 3590 833 3632 mea
854 3590 902 3633 me
922 3572 1026 3634 Circen
1042 3570 1165 3633 vocari?
1192 3591 1254 3633 non
1276 3592 1343 3634 sum
1359 3575 1476 3654 quidem

401 3656 478 3718 Solis
497 3657 668 3739 progenies,
694 3675 751 3719 noc
772 3675 838 3718 mea
863 3667 967 3732 mater,
991 3658 1061 3719 dum
1085 3657 1191 3737 placet,
1219 3656 1349 3720 labentis
1376 3658 1476 3721 mundi

401 3759 522 3803 cursum
548 3741 684 3803 detinuit.
727 3742 843 3804 habebo
867 3753 967 3805 tamen
990 3744 1069 3821 quod
1092 3742 1174 3804 caelo
1195 3743 1352 3822 imputem,
1375 3745 1401 3806 si
1424 3745 1510 3806 nost

401 3828 459 3889 sata
488 3826 711 3889 coniunxerint.
754 3828 845 3889 immo
868 3828 926 3889 iarn
948 3829 1050 3889 nescio
1074 3828 1143 3908 quid
1169 3828 1264 3890 tacitis
1288 3829 1476 3909 cogitationi·

364 3923 378 3972 τ
401 3912 457 3974 bus
478 3912 551 3975 deus
572 3913 643 3992 agit.
680 3931 737 3975 nec
757 3913 822 3975 sine
844 3931 932 3975 causa
947 3913 1116 3994 Polyaenon
1138 3913 1222 3975 Circe
1243 3924 1338 3979 amat:
1360 3931 1477 3996 semper

489 4066 505 4116 3
525 4066 672 4117 stricturam
692 4063 835 4115 curnem
847 4064 858 4131 Ι
871 4064 904 4116 16
921 4062 984 4115 mibi
1002 4069 1074 4116 extre
1092 4064 1186 4115 nubem
1204 4063 1264 4115 luna
1277 4068 1356 4132 capnt
1368 4065 1478 4134 prolerre

402 4131 425 4183 L
439 4131 494 4200 118
512 4132 646 4185 mulierem
662 4130 755 4199 tlte
773 4130 861 4200 quidni
879 4132 964 4201 inquit
984 4132 995 4199 Ι
1013 4133 1047 4186 30
1065 4146 1140 4185 aures
1159 4131 1201 4198 Ol
1214 4133 1246 4186 31
1266 4139 1293 4185 et
1310 4133 1412 4187 ίαίαυίί
1427 4135 1479 4187 Aa·

403 4203 502 4254 tonius.
531 4199 752 4268 sortareealigm
747 4200 927 4268 ’μναίαηιί
928 4200 1202 4322 meum
1123 4201 1156 4253 33
1176 4200 1273 4253 Gireem
1296 4216 1338 4255 me
1356 4203 1479 4270 puroque

404 4268 537 4338 tempto
554 4200 1040 4340 babeobld'lsemperBornmr'o·
