3417 4934
761 433 918 490 servitte
1340 434 1379 493 71

254 617 277 668 L
296 619 330 672 et
352 610 470 672 frontes
491 607 681 670 cicatricibus
703 606 862 670 scindere?
892 607 1039 686 numquid
1061 616 1091 669 et
1112 624 1199 669 crura
1222 607 1252 667 in
1277 606 1381 668 orbem

295 691 453 777 pandere?
483 693 630 773 numquid
652 702 682 755 et
703 694 778 755 talos
800 693 836 754 ad
858 702 969 754 terram
985 690 1154 755 deducere?
1185 692 1329 771 numquid
1350 701 1383 754 et

294 779 424 843 barbam
445 779 604 860 peregrina
627 778 743 841 ratione
765 776 916 857 figurare?
946 778 1029 840 color
1050 789 1115 839 arte
1137 778 1320 858 compositus
1335 777 1381 839 in·

296 865 407 945 quinat
415 882 537 945 corpus,
548 883 611 925 non
623 872 728 934 mutat.
754 864 862 937 audite,
878 863 949 943 quid
961 863 1072 924 amenti
1083 863 1281 925 succurrerit:
1293 880 1379 943 prae·
1402 873 1430 923 16

258 964 273 1012 5
294 951 427 1031 ligemus
437 949 568 1012 vestibus
580 950 674 1031 capita
686 959 717 1010 et
728 968 784 1011 nos
795 949 825 1010 in
838 950 1023 1029 profundum
1031 947 1219 1028 mergamus!
1241 953 1289 1009 ‘ne
1301 947 1379 1010 istud
1387 943 1450 1013 103

297 1036 339 1098 dii
354 1035 554 1115 hominesque
573 1032 733 1115 patiantur’
749 1033 916 1114 Eumolpus
937 1034 1081 1096 exclamat
1100 1039 1145 1095 ‘ut
1159 1053 1210 1095 ros
1226 1043 1285 1094 tam
1300 1034 1382 1113 turpi

296 1122 382 1183 exitu
404 1121 490 1182 vitam
512 1119 632 1185 liniatis.
662 1119 753 1182 immo
769 1120 870 1199 potius
891 1119 990 1193 facite,
1014 1118 1093 1199 quod
1115 1118 1215 1180 iubeo.
1244 1136 1382 1180 mercen·

298 1207 405 1270 narius
417 1224 512 1280 meus,
527 1213 562 1267 ut
572 1223 609 1266 ex
620 1205 764 1266 novacula
775 1205 971 1284 comperistis,
983 1213 1089 1266 tonsor
1100 1214 1160 1266 est:
1176 1204 1226 1265 bic
1237 1203 1383 1266 continuo

297 1291 386 1354 radat
398 1290 556 1370 utriusque
572 1309 635 1352 uon
650 1290 746 1352 solum
762 1290 874 1369 capita,
899 1289 951 1352 sed
971 1290 1058 1351 etiam
1074 1288 1243 1369 supercilia.
1273 1307 1383 1368 sequar
1403 1299 1418 1349 2

246 1389 277 1439 11
298 1396 357 1459 ego
379 1377 496 1438 frontes
522 1384 631 1438 notans
651 1375 849 1455 inscriptione
871 1375 994 1453 sollerti,
1015 1385 1050 1437 ut
1069 1374 1226 1436 rideamini
1248 1374 1384 1454 stigmate

297 1481 366 1526 esse
379 1461 487 1542 puniti.
503 1460 542 1522 ita
557 1461 678 1522 eaedem
691 1460 806 1522 litterae
822 1471 853 1522 et
867 1460 1070 1541 suspicionem
1085 1459 1279 1521 declinabunt
1294 1477 1385 1539 quae·

298 1546 433 1611 rentium
449 1554 479 1608 et
493 1545 592 1608 vultus
607 1545 713 1607 umbra
727 1546 868 1626 supplicii
883 1543 1005 1626 tegent'

387 1650 450 1695 non
466 1641 512 1693 est
526 1630 614 1693 dilata
628 1631 753 1704 sabaeis,
775 1632 827 1693 sed
848 1630 978 1692 adlatus
994 1629 1101 1709 naugii
1115 1629 1218 1690 furtim
1233 1628 1383 1709 processi-
1403 1638 1419 1687 3

299 1736 368 1780 mus
390 1717 548 1796 capitaque
570 1733 639 1778 cum
662 1717 829 1797 superciliis
843 1715 1021 1778 denudanda
1044 1716 1160 1777 tonsori
1182 1712 1384 1794 praebuimus.

251 1813 278 1863 15
299 1801 606 1884 implevitEumolpus
620 1801 736 1865 lrontes
751 1802 908 1880 utriusque
922 1800 1097 1880 ingentibus
1112 1800 1219 1861 litteris
1234 1810 1264 1861 et
1278 1808 1383 1860 notum
1404 1808 1419 1858 1

298 1888 494 1969 lugitivorum
517 1887 700 1967 epigramma
721 1905 778 1968 per
800 1896 894 1948 totam
918 1887 1024 1948 faciem
1046 1885 1163 1946 liberali
1177 1903 1268 1946 manu
1291 1884 1382 1946 duxit

298 1992 380 2037 unus
395 1974 474 2035 forte
490 1990 527 2034 ex
541 1971 729 2046 vectoribus,
752 1973 803 2052 qui
825 1972 989 2033 acclinatus
1004 1971 1090 2033 lateri
1105 1971 1188 2031 navis
1203 1969 1384 2031 exonerabat
1405 1979 1420 2027 5

299 2058 488 2122 stomachum
510 2075 620 2120 nausea
643 2075 772 2137 gravem,
789 2058 902 2119 notavit
921 2056 978 2119 sibi
993 2057 1028 2117 ad
1044 2057 1147 2118 lunam
1163 2065 1316 2117 tonsorem
1338 2055 1385 2115 in·
1446 2034 1464 2078 ⁸

299 2144 480 2225 tempestivo
501 2142 709 2204 inhaerentem
731 2142 909 2215 ministerio,
938 2151 1154 2220 execratusque
1183 2159 1282 2214 omen,
1306 2139 1385 2219 quod
1487 2199 1502 2228 ,-

251 2240 278 2291 1ο
298 2230 469 2292 imitaretur
491 2229 705 2308 naufragorum
727 2228 864 2290 ultimum
887 2235 998 2303 votum,
1018 2227 1050 2288 in
1072 2226 1171 2288 cubile
1187 2226 1316 2287 reiectus
1331 2233 1385 2290 est.

299 2334 356 2378 nos
378 2313 563 2377 dissimulata
586 2314 758 2376 nauseantis
781 2312 939 2375 devotione
954 2313 990 2373 ad
1006 2312 1141 2374 ordinem
1156 2311 1293 2373 tristitiae
1315 2311 1420 2372 red-c

298 2402 387 2475 imus,
410 2398 592 2477 silentioque
606 2398 765 2479 compositi
787 2398 917 2478 reliquas
933 2398 1030 2460 noctis
1045 2398 1134 2459 boras
1157 2397 1233 2458 male
1254 2396 1385 2476 soporati

297 2484 543 2565 consumpsimus

833 2591 850 2625 *

385 2653 554 2716 ‘ridebatur
566 2652 640 2715 mibi
655 2654 821 2717 secundum
837 2653 967 2733 quietem
981 2652 1108 2731 Priapus
1122 2652 1236 2715 dicere:
1251 2645 1454 2714 “bucol-104

250 2751 277 2802 15
297 2741 373 2823 pion
391 2738 473 2821 quod
489 2739 618 2818 quaeris,
633 2740 708 2801 scito
724 2758 741 2800 a
756 2758 805 2800 me
819 2739 851 2800 in
874 2756 977 2800 navem
992 2745 1074 2798 tuam
1090 2755 1155 2798 esse
1169 2734 1385 2816 perductum’'.'

299 2825 458 2888 exhorruit
471 2824 647 2906 Tryphaena
660 2832 690 2886 et
701 2820 807 2905 ‘putes’
822 2823 921 2903 inquit
936 2828 1005 2884 ‘una
1018 2841 1073 2883 nos
1085 2822 1257 2906 dormiisse;
1273 2840 1340 2882 nam
1354 2831 1384 2883 et
1405 2830 1419 2879 2

298 2912 372 2974 mihi
386 2909 580 2974 simulacrum
595 2910 737 2991 Neptuni,
753 2910 834 2988 quod
845 2908 924 2971 Baiis
935 2909 968 2969 in
979 2907 1132 2988 tetrastylo
1146 2917 1327 2981 notaveram,
1342 2908 1385 2968 ri-

299 2996 428 3060 debatur
442 2994 561 3059 dioere:
581 2994 634 3056 “in
651 3013 726 3056 nave
740 2994 851 3057 Lichae
867 2993 976 3055 Gitona
998 2990 1169 3055 invenies’'.'
1203 2992 1284 3055 ‘hinc
1299 2991 1385 3055 scies’
1405 3002 1421 3051 3

300 3082 402 3163 inquit
421 3079 588 3161 Eumolpus
602 3079 778 3161 ‘Epicurum
801 3098 867 3142 esse
888 3078 1041 3141 hominem
1061 3078 1209 3154 divinum,
1231 3078 1282 3158 qui
1306 3078 1386 3140 eius-

251 3177 281 3229 eo
302 3167 384 3230 modi
399 3163 529 3228 ludibria
544 3165 722 3228 facetissima
736 3166 853 3228 ratione
869 3161 1057 3227 condemnat’

386 3342 522 3398 ceterum
536 3335 644 3397 Lichas
662 3344 696 3398 ut
710 3335 906 3417 Tryphaenae
921 3334 1071 3396 somnium
1087 3332 1222 3414 expiarit,
1238 3331 1323 3412 ‘quis’
1338 3334 1385 3394 in·
1406 3344 1421 3393 4

298 3421 364 3502 quit
387 3418 539 3501 ‘probibet
561 3420 711 3502 navigium
733 3420 869 3494 scrutari,
883 3478 885 3483 ,
900 3439 939 3482 ne
964 3420 1118 3481 videamur
1139 3418 1256 3479 divinae
1278 3419 1387 3481 mentis

298 3524 391 3590 opera
407 3503 578 3567 damnarel’

385 3591 413 3654 is
430 3590 483 3671 qui
497 3599 587 3653 nocte
603 3590 783 3653 miserorum
805 3591 919 3652 lurtum
942 3588 1192 3670 deprehenderat,
1215 3587 1313 3650 Hesus
1328 3605 1384 3648 no·
1406 3599 1420 3647 5

251 3688 278 3738 aa
297 3677 392 3751 mine,
414 3674 516 3740 subito
531 3677 712 3756 proclamat:
736 3681 818 3753 ‘ergo
833 3676 877 3737 illi
893 3676 945 3754 qui
960 3683 1040 3750 sunt,
1061 3675 1113 3755 qui
1128 3684 1217 3736 nocte
1232 3674 1268 3734 ad
1283 3673 1385 3733 lunam

298 3761 483 3826 radebantur
493 3761 622 3841 pessimo
633 3760 751 3823 medius
761 3761 849 3823 fidius
861 3758 1019 3841 exemplo?
1030 3760 1118 3821 audio
1126 3759 1205 3821 enim
1218 3777 1280 3820 non
1294 3756 1385 3819 licere

299 3848 441 3928 cuiquam
448 3846 658 3909 mortaliumin
669 3864 743 3909 nave
752 3865 851 3926 neque
864 3864 981 3926 ungues
989 3864 1088 3925 neque
1095 3845 1217 3925 capillos
1224 3843 1385 3922 deponere,

262 4053 264 4058 ,
387 4001 402 4053 3
420 3995 631 4067 peregrinatione
642 3995 682 4065 ll
701 3994 803 4047 timenti
818 3994 827 4059 ΙΙ
841 3998 873 4047 15
892 3994 984 4047 inlevit
1002 3995 1169 4047 Cornelissen
1186 3995 1197 4061 1
1215 3995 1247 4047 21
1265 4007 1317 4045 non
1329 3992 1339 4059 Ι
1352 3994 1386 4046 21

300 4066 446 4137 composito
455 4063 465 4136 11
473 4066 700 4132 Tlpracpositam
708 4062 800 4115 Lichas
811 4061 820 4132 ll
828 4065 860 4116 11
872 4062 974 4116 Baistor
980 4062 1055 4131 asylo
1064 4061 1074 4130 ll
1083 4064 1114 4115 31
1126 4061 1189 4130 quid
1196 4062 1369 4114 Burmannus
1382 4058 1387 4129 Ι

301 4138 333 4190 33
348 4139 417 4204 pasto
434 4148 540 4202 operam
561 4131 627 4200 131
649 4133 736 4186 laesus
760 4133 846 4184 onina
868 4131 1031 4185 Tornaesius
1052 4133 1062 4197 Ι]
1084 4133 1117 4185 35
1140 4145 1205 4197 rogo
1222 4130 1361 4183 laodicius

300 4203 338 4257 illi
355 4207 417 4259 sunt
434 4200 602 4269 Segabada'us
