3417 4934
396 505 435 562 10
854 501 1008 556 Peruenit

355 690 370 738 4
393 676 564 740 meretrices
579 675 682 738 furtim
696 675 868 757 spatiantes.
897 676 991 751 tarde,
1006 675 1098 738 immo
1114 674 1172 736 iam
1186 692 1254 736 sero
1269 675 1402 740 intellexi
1422 695 1470 738 me
1494 683 1506 733 l

393 763 424 825 in
441 762 587 824 fornicem
608 780 673 824 esse
694 762 864 824 deductum.
909 770 1064 824 execratus
1084 759 1184 841 itaque
1199 760 1333 826 aniculae
1348 761 1471 825 iusidias

393 848 498 929 operui
520 856 660 929 caputet
680 866 735 929 per
754 848 886 910 medium
907 847 1033 930 lupanar
1051 848 1156 927 fugere
1176 847 1263 928 coepi
1289 848 1319 909 in
1346 849 1468 910 alteram

392 942 518 1019 partem,
539 952 609 995 cum
624 951 694 996 ecce
714 933 746 996 in
769 934 834 1014 ipso
855 933 937 996 aditu
960 932 1091 995 occurrit
1110 932 1181 994 mihi
1202 951 1296 1013 aeque
1318 934 1413 997 lassus
1435 953 1469 996 ac

391 1020 525 1083 moriens
549 1018 698 1100 Ascyltos3
729 1027 849 1100 putares
874 1018 911 1081 ab
937 1019 1037 1081 eadem
1064 1016 1182 1080 anicula
1206 1037 1271 1081 esse
1297 1018 1468 1082 deductum.
1492 1030 1506 1078 5

355 1118 370 1166 5
392 1106 491 1187 itaque
506 1113 541 1168 ut
555 1104 656 1167 ridens
671 1123 741 1167 eum
755 1104 946 1177 consalutari,
969 1104 1040 1185 quid
1062 1105 1093 1167 in
1114 1104 1182 1165 loco
1204 1112 1264 1166 tam
1285 1103 1410 1167 deformi
1427 1107 1469 1167 sa·

354 1188 375 1257 8
390 1199 472 1255 ceret
487 1191 626 1271 quaesivi.
652 1192 792 1254 sudorem
809 1190 858 1253 ille
872 1190 1012 1254 manibus
1027 1189 1150 1253 detersit
1164 1198 1194 1251 et
1208 1190 1243 1252 ‘si
1258 1190 1360 1254 scires’
1371 1192 1470 1271 iuquit

353 1288 368 1338 2
391 1282 476 1357 ‘quae
492 1277 564 1339 mihi
580 1276 773 1339 acciderunt’.
818 1276 900 1358 ‘quid
916 1275 994 1339 novi'
1022 1276 1145 1357 inquam
1161 1274 1258 1357 ‘egel'
1288 1288 1317 1339 at
1332 1277 1381 1340 ille
1396 1277 1470 1340 deli-

391 1364 474 1426 ciens
490 1362 568 1426 ‘cum
585 1361 726 1425 errarem'
741 1362 839 1442 inquit
854 1368 918 1444 ‘per
932 1370 1024 1424 totam
1046 1364 1192 1426 civitatem
1217 1380 1274 1423 nec
1293 1363 1467 1439 invenirem,

391 1468 451 1529 quo
467 1449 532 1512 loco
548 1448 697 1511 stabulum
712 1448 910 1527 reliquissem,
929 1448 1054 1511 accessit
1074 1449 1110 1510 ad
1129 1467 1178 1510 me
1197 1456 1282 1528 pater
1296 1449 1424 1519 familiae
1440 1458 1469 1510 et
1490 1454 1506 1503 lt

353 1545 368 1594 3
390 1534 495 1597 ducem
511 1554 543 1597 se
558 1534 675 1596 itineris
690 1533 904 1597 humanissime
923 1534 1069 1614 promisit.
1114 1552 1169 1615 per
1188 1534 1338 1596 anfractus
1360 1534 1468 1596 deinde

391 1619 619 1683 obscurissimos
634 1638 771 1701 egressus
787 1620 817 1682 in
839 1620 923 1682 hunc
943 1619 1042 1682 locum
1067 1639 1114 1682 me
1134 1619 1273 1701 perduxit
1293 1620 1469 1700 prolatoque

352 1715 367 1765 4
389 1706 507 1787 peculio
523 1705 622 1786 coepit
640 1724 746 1785 rogare
766 1714 913 1786 stuprum.
933 1701 939 1790 Ι
958 1705 1015 1767 iam
1038 1725 1094 1786 pro
1117 1706 1190 1767 cella
1212 1706 1352 1767 meretrix
1370 1724 1467 1768 assem
1485 1714 1505 1766 2

390 1800 538 1871 exegerat,
558 1788 563 1875 Ι
583 1792 640 1853 iam
659 1792 708 1854 ille
722 1791 795 1853 mihi
810 1792 954 1854 iniecerat
971 1810 1103 1868 manum,
1118 1800 1148 1853 et
1164 1792 1220 1854 nisi
1235 1790 1380 1853 valentior
1394 1792 1466 1854 luis·
1486 1801 1506 1852 2

388 1895 461 1954 sem,
477 1876 624 1940 dedissem
638 1876 760 1958 poenas’
1491 1883 1506 1933 1!

921 1964 937 1998 ’lt

478 2044 483 2131 Ι
502 2049 576 2110 adeo
591 2048 704 2128 ubique
719 2067 823 2112 omues
838 2048 909 2111 mihi
926 2047 1103 2111 ridebantur
1117 2056 1269 2111 satureum
1284 2047 1395 2110 bibisse
1484 2057 1505 2109 t

914 2156 931 2193 *

474 2219 584 2282 iunctis
599 2219 712 2283 viribus
727 2220 885 2283 molestum
901 2220 1135 2301 contempsimus

912 2328 929 2365 *

350 2385 373 2453 9
473 2391 556 2469 quasi
575 2410 631 2472 per
652 2391 808 2472 caliginem
824 2391 882 2453 vidi
898 2392 1005 2453 Gitona
1026 2391 1057 2453 in
1080 2387 1233 2471 crepidine
1248 2387 1370 2450 semitae
1385 2397 1465 2452 stan·

388 2483 448 2536 tem
464 2486 494 2538 et
508 2476 540 2538 in
552 2478 680 2539 eundem
695 2477 794 2540 locum
810 2496 857 2540 me
872 2478 998 2540 conieci.

350 2657 364 2708 2
472 2666 541 2711 cum
557 2667 731 2728 quaererem
748 2649 894 2729 numquid
915 2648 1002 2711 nobis
1021 2648 1052 2710 in
1074 2647 1232 2729 prandium
1251 2647 1343 2708 irater
1364 2663 1466 2727 paras·
1488 2653 1506 2704 2

388 2741 442 2810 set,
469 2734 605 2797 consedit
629 2753 706 2815 puer
727 2754 818 2816 super
841 2735 949 2796 lectum
972 2742 1002 2795 ct
1022 2742 1178 2794 manantes
1201 2731 1337 2793 lacrimas
1356 2730 1465 2812 pollice

349 2828 364 2877 3
386 2820 517 2882 extersit.
543 2819 735 2900 perturbatus
750 2839 805 2900 ego
821 2820 923 2880 habitu
936 2817 1044 2900 fratris,
1060 2817 1129 2897 quid
1146 2816 1308 2891 accidisset,
1324 2817 1464 2896 quaesivi.

387 2916 417 2967 et
437 2904 485 2966 ille
507 2904 590 2966 tarde
611 2905 730 2985 quidem
752 2913 782 2965 et
803 2904 922 2979 invitus,
948 2903 999 2965 sed
1026 2911 1185 2984 postquam
1212 2901 1352 2983 precibus
1377 2903 1463 2964 etiam

350 3000 365 3048 4
387 2989 570 3052 iracundiam
586 2990 701 3065 miscui,
718 2982 806 3052 ‘tuus’
821 2988 920 3069 inquit
934 2989 1000 3051 ‘iste
1015 2989 1108 3050 frater
1118 3008 1172 3051 seu
1183 3007 1284 3050 comes
1295 2988 1384 3069 paulo
1395 2997 1465 3050 ante

388 3077 418 3137 in
442 3074 624 3137 conductum
645 3075 814 3138 accucurrit
835 3075 994 3156 coepitque
1015 3074 1087 3136 mibi
1110 3074 1184 3137 velle
1207 3075 1350 3155 pudorem
1366 3082 1466 3136 exter·
1488 3080 1506 3131 2

349 3172 364 3220 5
386 3179 487 3240 quere.
507 3157 514 3243 Ι
532 3180 600 3223 cum
617 3180 672 3241 ego
687 3161 913 3242 proclamarem,
929 3160 1060 3241 gladium
1075 3161 1195 3223 strinxit
1215 3169 1245 3221 et
1266 3159 1310 3221 “si
1326 3159 1463 3222 Lucretia
1484 3170 1506 3222 2

388 3246 438 3309 es”
453 3247 553 3327 inquit
568 3247 784 3328 “Tarquinium
799 3246 970 3310 invenisti.’'

348 3343 363 3391 6
475 3336 480 3416 Ι
500 3331 608 3413 quibus
629 3351 685 3414 ego
706 3333 813 3396 auditis
832 3333 977 3396 intentavi
996 3333 1028 3394 in
1049 3331 1153 3393 oculos
1171 3330 1282 3412 Ascylti
1303 3347 1411 3392 manus
1433 3333 1504 3391 eth

387 3418 469 3498 ‘quid
483 3417 566 3481 dicis'
580 3419 703 3499 inquam
719 3418 882 3482 ‘muliebris
896 3418 1055 3502 patientiae
1069 3426 1212 3491 scortum,
1234 3416 1319 3479 cuius
1341 3435 1380 3477 ue
1401 3415 1462 3495 spi-

348 3515 362 3564 7
385 3505 460 3566 ritus
480 3504 593 3586 quidem
614 3523 708 3585 purus
728 3503 804 3568 estl’
844 3505 1052 3567 inhorrescere
1073 3522 1105 3565 se
1126 3504 1213 3564 linxit
1227 3502 1372 3583 Ascyltos,
1393 3519 1463 3563 mox
1486 3509 1506 3558 at

348 3599 363 3650 8
384 3588 509 3652 sublatis
523 3591 630 3653 fortius
645 3590 782 3653 manibus
796 3591 887 3671 longe
902 3591 1013 3654 maiore
1029 3590 1096 3652 nisu
1112 3587 1260 3651 clamarit:
1283 3595 1357 3649 ‘nou
1372 3586 1463 3649 taces’

347 3686 362 3736 9
384 3676 482 3758 inquit
496 3671 649 3755 ‘gladiator
663 3676 802 3752 obscene,
818 3694 908 3757 quem
923 3676 960 3738 de
974 3695 993 3727 s
1018 3675 1106 3737 ruina
1121 3676 1231 3736 harena
1246 3671 1378 3736 dimisit‘l
1399 3692 1461 3735 nou

385 3769 475 3838 taces,
490 3768 640 3824 nocturne
654 3780 823 3843 percussor,
846 3762 898 3842 qui
914 3770 1030 3824 netum
1046 3762 1175 3841 quidem,
1193 3778 1260 3822 oum
1282 3759 1400 3820 fortiter
1420 3760 1462 3820 fa-

335 3857 362 3907 10
384 3866 478 3923 ceres,
500 3866 568 3910 cum
583 3866 658 3928 pura
674 3848 798 3911 muliere
817 3847 967 3929 pugnasti,
989 3847 1075 3909 cuius
1096 3847 1198 3908 eadem
1213 3844 1375 3906 rationein
1391 3844 1461 3905 riri-

385 3933 467 3996 dario
483 3934 574 3996 irater
588 3934 641 4007 lui,
657 3952 715 4013 qua
731 3952 813 3995 nunc
827 3934 859 3995 in
878 3933 1047 3995 deversorio
1069 3949 1145 4014 puer
1165 3927 1240 3993 esti’
1285 3928 1461 3992 ‘subduxisti
1484 3938 1506 3987 a·

334 4014 376 4082 ld
385 4018 424 4081 te'
435 4019 558 4100 inquam
569 4024 595 4082 ‘a
606 4019 808 4101 praeceptoris
819 4018 989 4099 colloquio.’
1009 4018 1090 4099 ‘quid
1102 4015 1265 4098 ego,bomo
1277 4014 1460 4091 stultissime,

472 4225 484 4274 1
496 4223 689 4290 compatientes
700 4221 764 4273 libra·
773 4221 915 4290 plerique!
931 4223 962 4275 12
974 4217 1125 4288 produxitb
1138 4217 1148 4285 Ι
1161 4219 1195 4271 22
1206 4217 1333 4284 expressit
1346 4216 1357 4285 Ι
1369 4218 1401 4270 24
1413 4231 1459 4270 seu

378 4304 471 4342 comes
484 4296 611 4357 suspecta
621 4290 634 4360 l
646 4293 680 4345 36
697 4289 781 4359 iuquit
