<?xml version="1.0" encoding="UTF-8"?>
<!DOCTYPE html PUBLIC "-//W3C//DTD XHTML 1.0 Transitional//EN"
    "http://www.w3.org/TR/xhtml1/DTD/xhtml1-transitional.dtd">
<html xmlns="http://www.w3.org/1999/xhtml" xml:lang="en" lang="en">
 <head>
  <title>
</title>
<meta http-equiv="Content-Type" content="text/html;charset=utf-8" />
  <meta name='ocr-system' content='tesseract 3.04.00' />
  <meta name='ocr-capabilities' content='ocr_page ocr_carea ocr_par ocr_line ocrx_word'/>
</head>
<body>
  <div class='ocr_page' id='page_1' title='image "./petroniisaturae00varrgoog_0256.png"; bbox 0 0 3417 4934; ppageno 0'>
   <div class='ocr_carea' id='block_1_1' title="bbox 312 495 1015 557">
    <p class='ocr_par' dir='ltr' id='par_1_1' title="bbox 312 495 1015 557">
     <span class='ocr_line' id='line_1_1' title="bbox 312 495 1015 557; baseline -0.009 0"><span class='ocrx_word' id='word_1_1' title='bbox 312 497 376 557; x_wconf 74' lang='lat'>242</span> <span class='ocrx_word' id='word_1_2' title='bbox 687 495 790 551; x_wconf 76' lang='lat' dir='ltr'>Lucus</span> <span class='ocrx_word' id='word_1_3' title='bbox 808 495 1015 551; x_wconf 73' lang='lat' dir='ltr'>deauratas</span> 
     </span>
    </p>
   </div>
   <div class='ocr_carea' id='block_1_2' title="bbox 310 749 1428 2969">
    <p class='ocr_par' dir='ltr' id='par_1_2' title="bbox 310 749 1428 2969">
     <span class='ocr_line' id='line_1_2' title="bbox 413 749 1130 835; baseline 0 -18"><span class='ocrx_word' id='word_1_4' title='bbox 413 752 584 817; x_wconf 77' lang='lat' dir='ltr'>Aulularim</span> <span class='ocrx_word' id='word_1_5' title='bbox 598 757 659 816; x_wconf 80' lang='lat' dir='ltr'>sine</span> <span class='ocrx_word' id='word_1_6' title='bbox 674 752 800 827; x_wconf 81' lang='lat' dir='ltr'>Queroli</span> <span class='ocrx_word' id='word_1_7' title='bbox 811 753 883 834; x_wconf 77' lang='lat' dir='ltr'>fiais</span> <span class='ocrx_word' id='word_1_8' title='bbox 895 771 925 833; x_wconf 84' lang='lat' dir='ltr'>p.</span> <span class='ocrx_word' id='word_1_9' title='bbox 939 749 985 817; x_wconf 81' lang='lat'>59</span> <span class='ocrx_word' id='word_1_10' title='bbox 1000 752 1130 835; x_wconf 79' lang='lat' dir='ltr'>Peipert&#39;:</span> 
     </span>
     <span class='ocr_line' id='line_1_3' title="bbox 313 838 1396 920; baseline 0.003 -18"><span class='ocrx_word' id='word_1_11' title='bbox 313 838 481 902; x_wconf 78' lang='lat' dir='ltr'><strong>mercedem</strong></span> <span class='ocrx_word' id='word_1_12' title='bbox 492 839 648 901; x_wconf 83' lang='lat' dir='ltr'>vulnerum</span> <span class='ocrx_word' id='word_1_13' title='bbox 659 840 754 901; x_wconf 85' lang='lat' dir='ltr'>victus</span> <span class='ocrx_word' id='word_1_14' title='bbox 765 839 902 919; x_wconf 90' lang='lat' dir='ltr'>accipiat.</span> <span class='ocrx_word' id='word_1_15' title='bbox 913 840 1061 920; x_wconf 84' lang='lat' dir='ltr'>parasitus</span> <span class='ocrx_word' id='word_1_16' title='bbox 1075 838 1107 901; x_wconf 89' lang='lat' dir='ltr'>in</span> <span class='ocrx_word' id='word_1_17' title='bbox 1120 840 1257 903; x_wconf 84' lang='lat' dir='ltr'>convivio</span> <span class='ocrx_word' id='word_1_18' title='bbox 1272 841 1396 905; x_wconf 84' lang='lat' dir='ltr'>siluerit</span> 
     </span>
     <span class='ocr_line' id='line_1_4' title="bbox 313 924 1397 1007; baseline 0.004 -20"><span class='ocrx_word' id='word_1_19' title='bbox 313 934 393 987; x_wconf 86' lang='lat' dir='ltr'>reste</span> <span class='ocrx_word' id='word_1_20' title='bbox 413 924 567 997; x_wconf 83' lang='lat' dir='ltr'>discissus,</span> <span class='ocrx_word' id='word_1_21' title='bbox 588 942 698 1003; x_wconf 90' lang='lat' dir='ltr'>aroge</span> <span class='ocrx_word' id='word_1_22' title='bbox 719 924 847 986; x_wconf 84' lang='lat' dir='ltr'>convivii</span> <span class='ocrx_word' id='word_1_23' title='bbox 868 925 988 1006; x_wconf 92' lang='lat' dir='ltr'>duplam</span> <span class='ocrx_word' id='word_1_24' title='bbox 1010 925 1181 987; x_wconf 75' lang='lat' dir='ltr'><strong>mercedem</strong></span> <span class='ocrx_word' id='word_1_25' title='bbox 1204 928 1397 1007; x_wconf 78' lang='lat' dir='ltr'>reparationis</span> 
     </span>
     <span class='ocr_line' id='line_1_5' title="bbox 313 1009 1397 1095; baseline 0.004 -23"><span class='ocrx_word' id='word_1_26' title='bbox 313 1010 451 1091; x_wconf 88' lang='lat' dir='ltr'>accipiat.</span> <span class='ocrx_word' id='word_1_27' title='bbox 473 1011 510 1072; x_wconf 91' lang='lat' dir='ltr'>de</span> <span class='ocrx_word' id='word_1_28' title='bbox 530 1009 674 1073; x_wconf 85' lang='lat' dir='ltr'>livoribus</span> <span class='ocrx_word' id='word_1_29' title='bbox 688 1009 719 1072; x_wconf 93' lang='lat' dir='ltr'>in</span> <span class='ocrx_word' id='word_1_30' title='bbox 737 1009 933 1090; x_wconf 79' lang='lat' dir='ltr'><strong>quadrantem</strong></span> <span class='ocrx_word' id='word_1_31' title='bbox 953 1009 1040 1073; x_wconf 89' lang='lat' dir='ltr'>solidi</span> <span class='ocrx_word' id='word_1_32' title='bbox 1056 1009 1164 1095; x_wconf 87' lang='lat' dir='ltr'>unius,</span> <span class='ocrx_word' id='word_1_33' title='bbox 1179 1011 1216 1073; x_wconf 91' lang='lat' dir='ltr'>de</span> <span class='ocrx_word' id='word_1_34' title='bbox 1231 1014 1397 1077; x_wconf 90' lang='lat' dir='ltr'>tumoribus</span> 
     </span>
     <span class='ocr_line' id='line_1_6' title="bbox 313 1095 1396 1176; baseline 0.004 -19"><span class='ocrx_word' id='word_1_35' title='bbox 313 1096 345 1158; x_wconf 93' lang='lat' dir='ltr'>in</span> <span class='ocrx_word' id='word_1_36' title='bbox 360 1095 500 1158; x_wconf 83' lang='lat' dir='ltr'>trientem</span> <span class='ocrx_word' id='word_1_37' title='bbox 511 1114 609 1176; x_wconf 90' lang='lat' dir='ltr'>poena</span> <span class='ocrx_word' id='word_1_38' title='bbox 618 1095 766 1158; x_wconf 82' lang='lat' dir='ltr'>transibit.</span> <span class='ocrx_word' id='word_1_39' title='bbox 779 1095 859 1176; x_wconf 93' lang='lat' dir='ltr'>quod</span> <span class='ocrx_word' id='word_1_40' title='bbox 874 1095 899 1157; x_wconf 93' lang='lat' dir='ltr'>si</span> <span class='ocrx_word' id='word_1_41' title='bbox 915 1103 946 1157; x_wconf 92' lang='lat' dir='ltr'>et</span> <span class='ocrx_word' id='word_1_42' title='bbox 955 1104 1056 1157; x_wconf 92' lang='lat' dir='ltr'>tumor</span> <span class='ocrx_word' id='word_1_43' title='bbox 1067 1095 1161 1157; x_wconf 84' lang='lat' dir='ltr'>luerit</span> <span class='ocrx_word' id='word_1_44' title='bbox 1173 1105 1204 1158; x_wconf 93' lang='lat' dir='ltr'>et</span> <span class='ocrx_word' id='word_1_45' title='bbox 1215 1096 1303 1172; x_wconf 90' lang='lat' dir='ltr'>livor,</span> <span class='ocrx_word' id='word_1_46' title='bbox 1315 1098 1396 1161; x_wconf 89' lang='lat' dir='ltr'>solidi</span> 
     </span>
     <span class='ocr_line' id='line_1_7' title="bbox 313 1179 1422 1265; baseline 0.003 -22"><span class='ocrx_word' id='word_1_47' title='bbox 313 1181 404 1243; x_wconf 94' lang='lat' dir='ltr'>unius</span> <span class='ocrx_word' id='word_1_48' title='bbox 419 1179 535 1244; x_wconf 88' lang='lat' dir='ltr'>bessem</span> <span class='ocrx_word' id='word_1_49' title='bbox 550 1181 616 1243; x_wconf 87' lang='lat' dir='ltr'>iure</span> <span class='ocrx_word' id='word_1_50' title='bbox 631 1182 744 1262; x_wconf 90' lang='lat' dir='ltr'>optimo</span> <span class='ocrx_word' id='word_1_51' title='bbox 760 1189 973 1261; x_wconf 76' lang='lat' dir='ltr'>consequetur.</span> <span class='ocrx_word' id='word_1_52' title='bbox 996 1199 1089 1243; x_wconf 92' lang='lat' dir='ltr'>unam</span> <span class='ocrx_word' id='word_1_53' title='bbox 1104 1198 1176 1243; x_wconf 90' lang='lat' dir='ltr'>vero</span> <span class='ocrx_word' id='word_1_54' title='bbox 1191 1182 1314 1246; x_wconf 91' lang='lat' dir='ltr'>unciam</span> <span class='ocrx_word' id='word_1_55' title='bbox 1328 1202 1422 1265; x_wconf 79' lang='lat' dir='ltr'>apo-s</span> 
     </span>
     <span class='ocr_line' id='line_1_8' title="bbox 313 1259 1399 1352; baseline 0.002 -23"><span class='ocrx_word' id='word_1_56' title='bbox 313 1268 374 1329; x_wconf 90' lang='lat' dir='ltr'>siae</span> <span class='ocrx_word' id='word_1_57' title='bbox 397 1259 467 1352; x_wconf 92' lang='lat' dir='ltr'>[boc</span> <span class='ocrx_word' id='word_1_58' title='bbox 490 1275 536 1329; x_wconf 89' lang='lat' dir='ltr'>est</span> <span class='ocrx_word' id='word_1_59' title='bbox 555 1261 751 1351; x_wconf 84' lang='lat' dir='ltr'>excoctionis]</span> <span class='ocrx_word' id='word_1_60' title='bbox 779 1266 1033 1346; x_wconf 83' lang='lat' dir='ltr'>contemplatione</span> <span class='ocrx_word' id='word_1_61' title='bbox 1054 1266 1258 1331; x_wconf 87' lang='lat' dir='ltr'>concedimus.</span> <span class='ocrx_word' id='word_1_62' title='bbox 1291 1269 1399 1350; x_wconf 86' lang='lat' dir='ltr'>placuit</span> 
     </span>
     <span class='ocr_line' id='line_1_9' title="bbox 313 1350 1397 1433; baseline 0.002 -18"><span class='ocrx_word' id='word_1_63' title='bbox 313 1362 413 1415; x_wconf 92' lang='lat' dir='ltr'>autem</span> <span class='ocrx_word' id='word_1_64' title='bbox 429 1361 463 1415; x_wconf 92' lang='lat' dir='ltr'>ut</span> <span class='ocrx_word' id='word_1_65' title='bbox 477 1353 564 1414; x_wconf 88' lang='lat' dir='ltr'>ctiam</span> <span class='ocrx_word' id='word_1_66' title='bbox 580 1353 618 1415; x_wconf 89' lang='lat' dir='ltr'>do</span> <span class='ocrx_word' id='word_1_67' title='bbox 636 1352 731 1433; x_wconf 90' lang='lat' dir='ltr'>plagis</span> <span class='ocrx_word' id='word_1_68' title='bbox 747 1360 777 1414; x_wconf 89' lang='lat' dir='ltr'>et</span> <span class='ocrx_word' id='word_1_69' title='bbox 792 1350 966 1414; x_wconf 86' lang='lat' dir='ltr'>vulneribus</span> <span class='ocrx_word' id='word_1_70' title='bbox 988 1351 1086 1414; x_wconf 82' lang='lat' dir='ltr'>inlixis</span> <span class='ocrx_word' id='word_1_71' title='bbox 1101 1361 1251 1415; x_wconf 85' lang='lat' dir='ltr'>summoto</span> <span class='ocrx_word' id='word_1_72' title='bbox 1273 1354 1397 1433; x_wconf 90' lang='lat' dir='ltr'>strepitu</span> 
     </span>
     <span class='ocr_line' id='line_1_10' title="bbox 313 1436 1428 1518; baseline 0.003 -19"><span class='ocrx_word' id='word_1_73' title='bbox 313 1437 460 1500; x_wconf 86' lang='lat' dir='ltr'>criminali</span> <span class='ocrx_word' id='word_1_74' title='bbox 475 1438 639 1499; x_wconf 91' lang='lat' dir='ltr'>amicorum</span> <span class='ocrx_word' id='word_1_75' title='bbox 655 1445 821 1518; x_wconf 87' lang='lat' dir='ltr'>praestetur</span> <span class='ocrx_word' id='word_1_76' title='bbox 836 1436 995 1517; x_wconf 88' lang='lat' dir='ltr'>inspectio,</span> <span class='ocrx_word' id='word_1_77' title='bbox 1016 1438 1058 1498; x_wconf 91' lang='lat' dir='ltr'>ita</span> <span class='ocrx_word' id='word_1_78' title='bbox 1073 1446 1107 1498; x_wconf 95' lang='lat' dir='ltr'>ut</span> <span class='ocrx_word' id='word_1_79' title='bbox 1121 1438 1301 1502; x_wconf 86' lang='lat' dir='ltr'>dodrantem</span> <span class='ocrx_word' id='word_1_80' title='bbox 1314 1439 1395 1502; x_wconf 90' lang='lat' dir='ltr'>solidi</span> <span class='ocrx_word' id='word_1_81' title='bbox 1426 1481 1428 1485; x_wconf 68' lang='lat'>,</span> 
     </span>
     <span class='ocr_line' id='line_1_11' title="bbox 314 1521 1394 1604; baseline 0.003 -20"><span class='ocrx_word' id='word_1_82' title='bbox 314 1541 372 1585; x_wconf 92' lang='lat' dir='ltr'>neo</span> <span class='ocrx_word' id='word_1_83' title='bbox 382 1523 596 1604; x_wconf 88' lang='lat' dir='ltr'>inspicientum</span> <span class='ocrx_word' id='word_1_84' title='bbox 606 1524 699 1603; x_wconf 90' lang='lat' dir='ltr'>gratia</span> <span class='ocrx_word' id='word_1_85' title='bbox 716 1541 774 1584; x_wconf 90' lang='lat' dir='ltr'>nec</span> <span class='ocrx_word' id='word_1_86' title='bbox 785 1522 940 1603; x_wconf 76' lang='lat' dir='ltr'>largientis</span> <span class='ocrx_word' id='word_1_87' title='bbox 951 1521 1074 1584; x_wconf 84' lang='lat' dir='ltr'>excedat</span> <span class='ocrx_word' id='word_1_88' title='bbox 1085 1522 1268 1586; x_wconf 90' lang='lat' dir='ltr'>humanitas.</span> <span class='ocrx_word' id='word_1_89' title='bbox 1283 1524 1316 1586; x_wconf 93' lang='lat' dir='ltr'>in</span> <span class='ocrx_word' id='word_1_90' title='bbox 1327 1525 1394 1587; x_wconf 85' lang='lat' dir='ltr'>luxu</span> 
     </span>
     <span class='ocr_line' id='line_1_12' title="bbox 313 1606 1424 1687; baseline 0.006 -17"><span class='ocrx_word' id='word_1_91' title='bbox 313 1615 412 1670; x_wconf 90' lang='lat' dir='ltr'>autem</span> <span class='ocrx_word' id='word_1_92' title='bbox 428 1618 458 1670; x_wconf 93' lang='lat' dir='ltr'>ot</span> <span class='ocrx_word' id='word_1_93' title='bbox 472 1608 589 1671; x_wconf 91' lang='lat' dir='ltr'>ossibus</span> <span class='ocrx_word' id='word_1_94' title='bbox 604 1609 671 1671; x_wconf 93' lang='lat' dir='ltr'>loco</span> <span class='ocrx_word' id='word_1_95' title='bbox 687 1608 776 1670; x_wconf 93' lang='lat' dir='ltr'>motis</span> <span class='ocrx_word' id='word_1_96' title='bbox 790 1625 887 1687; x_wconf 91' lang='lat' dir='ltr'>usque</span> <span class='ocrx_word' id='word_1_97' title='bbox 902 1606 939 1670; x_wconf 94' lang='lat' dir='ltr'>ad</span> <span class='ocrx_word' id='word_1_98' title='bbox 954 1609 1103 1670; x_wconf 85' lang='lat' dir='ltr'>deuncem</span> <span class='ocrx_word' id='word_1_99' title='bbox 1115 1608 1202 1671; x_wconf 90' lang='lat' dir='ltr'>solidi</span> <span class='ocrx_word' id='word_1_100' title='bbox 1217 1606 1424 1677; x_wconf 88' lang='lat' dir='ltr'>iniuriarumtt</span> 
     </span>
     <span class='ocr_line' id='line_1_13' title="bbox 312 1692 1395 1775; baseline 0.002 -20"><span class='ocrx_word' id='word_1_101' title='bbox 312 1693 505 1756; x_wconf 87' lang='lat' dir='ltr'>commodum</span> <span class='ocrx_word' id='word_1_102' title='bbox 519 1694 633 1774; x_wconf 90' lang='lat' dir='ltr'>placuit</span> <span class='ocrx_word' id='word_1_103' title='bbox 647 1692 777 1755; x_wconf 81' lang='lat' dir='ltr'>extendi.</span> <span class='ocrx_word' id='word_1_104' title='bbox 793 1692 864 1754; x_wconf 89' lang='lat' dir='ltr'>item</span> <span class='ocrx_word' id='word_1_105' title='bbox 880 1711 972 1773; x_wconf 92' lang='lat' dir='ltr'>porro</span> <span class='ocrx_word' id='word_1_106' title='bbox 988 1692 1026 1756; x_wconf 92' lang='lat' dir='ltr'>de</span> <span class='ocrx_word' id='word_1_107' title='bbox 1040 1693 1159 1756; x_wconf 88' lang='lat' dir='ltr'>ossibus</span> <span class='ocrx_word' id='word_1_108' title='bbox 1173 1693 1277 1757; x_wconf 79' lang='lat' dir='ltr'>fractis</span> <span class='ocrx_word' id='word_1_109' title='bbox 1288 1695 1395 1775; x_wconf 87' lang='lat' dir='ltr'>placuit</span> 
     </span>
     <span class='ocr_line' id='line_1_14' title="bbox 313 1776 1394 1859; baseline 0.003 -19"><span class='ocrx_word' id='word_1_110' title='bbox 313 1779 524 1859; x_wconf 85' lang='lat' dir='ltr'>convenitque,</span> <span class='ocrx_word' id='word_1_111' title='bbox 540 1780 619 1840; x_wconf 92' lang='lat' dir='ltr'>utin</span> <span class='ocrx_word' id='word_1_112' title='bbox 636 1776 830 1840; x_wconf 90' lang='lat' dir='ltr'>minutalibus</span> <span class='ocrx_word' id='word_1_113' title='bbox 845 1777 968 1853; x_wconf 88' lang='lat' dir='ltr'>solidus,</span> <span class='ocrx_word' id='word_1_114' title='bbox 984 1779 1014 1841; x_wconf 91' lang='lat' dir='ltr'>in</span> <span class='ocrx_word' id='word_1_115' title='bbox 1031 1777 1249 1859; x_wconf 87' lang='lat' dir='ltr'>principalibus</span> <span class='ocrx_word' id='word_1_116' title='bbox 1264 1798 1335 1843; x_wconf 85' lang='lat' dir='ltr'>vero</span> <span class='ocrx_word' id='word_1_117' title='bbox 1350 1800 1394 1843; x_wconf 89' lang='lat' dir='ltr'>os-</span> 
     </span>
     <span class='ocr_line' id='line_1_15' title="bbox 313 1862 1394 1946; baseline 0.001 -19"><span class='ocrx_word' id='word_1_118' title='bbox 313 1862 397 1927; x_wconf 88' lang='lat' dir='ltr'>sibus</span> <span class='ocrx_word' id='word_1_119' title='bbox 411 1864 528 1944; x_wconf 90' lang='lat' dir='ltr'>argenti</span> <span class='ocrx_word' id='word_1_120' title='bbox 542 1864 618 1925; x_wconf 91' lang='lat' dir='ltr'>libra</span> <span class='ocrx_word' id='word_1_121' title='bbox 641 1873 788 1944; x_wconf 88' lang='lat' dir='ltr'>protenus</span> <span class='ocrx_word' id='word_1_122' title='bbox 808 1864 987 1926; x_wconf 89' lang='lat' dir='ltr'>traderetur.</span> <span class='ocrx_word' id='word_1_123' title='bbox 1017 1882 1093 1943; x_wconf 92' lang='lat' dir='ltr'>quae</span> <span class='ocrx_word' id='word_1_124' title='bbox 1107 1872 1210 1926; x_wconf 91' lang='lat' dir='ltr'>autem</span> <span class='ocrx_word' id='word_1_125' title='bbox 1224 1865 1273 1927; x_wconf 86' lang='lat' dir='ltr'>rel</span> <span class='ocrx_word' id='word_1_126' title='bbox 1287 1865 1394 1946; x_wconf 90' lang='lat' dir='ltr'>princi·</span> 
     </span>
     <span class='ocr_line' id='line_1_16' title="bbox 311 1947 1394 2030; baseline 0.003 -20"><span class='ocrx_word' id='word_1_127' title='bbox 311 1949 388 2030; x_wconf 91' lang='lat' dir='ltr'>palia</span> <span class='ocrx_word' id='word_1_128' title='bbox 403 1948 496 2011; x_wconf 86' lang='lat' dir='ltr'>rideri</span> <span class='ocrx_word' id='word_1_129' title='bbox 510 1968 578 2012; x_wconf 89' lang='lat' dir='ltr'>ossa</span> <span class='ocrx_word' id='word_1_130' title='bbox 592 1947 722 2011; x_wconf 87' lang='lat' dir='ltr'>debeant</span> <span class='ocrx_word' id='word_1_131' title='bbox 739 1949 786 2010; x_wconf 86' lang='lat' dir='ltr'>vol</span> <span class='ocrx_word' id='word_1_132' title='bbox 807 1949 936 2018; x_wconf 91' lang='lat' dir='ltr'>minuta,</span> <span class='ocrx_word' id='word_1_133' title='bbox 951 1948 1138 2011; x_wconf 87' lang='lat' dir='ltr'>medicorum</span> <span class='ocrx_word' id='word_1_134' title='bbox 1158 1958 1303 2013; x_wconf 80' lang='lat' dir='ltr'>tractatum</span> <span class='ocrx_word' id='word_1_135' title='bbox 1317 1951 1394 2014; x_wconf 89' lang='lat' dir='ltr'>inro-</span> 
     </span>
     <span class='ocr_line' id='line_1_17' title="bbox 312 2034 1423 2116; baseline -0.004 -19"><span class='ocrx_word' id='word_1_136' title='bbox 312 2034 384 2100; x_wconf 90' lang='lat' dir='ltr'>niat.</span> <span class='ocrx_word' id='word_1_137' title='bbox 406 2034 432 2096; x_wconf 89' lang='lat' dir='ltr'>si</span> <span class='ocrx_word' id='word_1_138' title='bbox 442 2044 540 2097; x_wconf 86' lang='lat' dir='ltr'>autom</span> <span class='ocrx_word' id='word_1_139' title='bbox 556 2034 703 2116; x_wconf 83' lang='lat' dir='ltr'>parasitus</span> <span class='ocrx_word' id='word_1_140' title='bbox 717 2034 844 2115; x_wconf 89' lang='lat' dir='ltr'>amplius</span> <span class='ocrx_word' id='word_1_141' title='bbox 860 2053 950 2114; x_wconf 91' lang='lat' dir='ltr'>quam</span> <span class='ocrx_word' id='word_1_142' title='bbox 965 2034 1155 2115; x_wconf 81' lang='lat' dir='ltr'>praefinitum</span> <span class='ocrx_word' id='word_1_143' title='bbox 1170 2043 1218 2097; x_wconf 93' lang='lat' dir='ltr'>est</span> <span class='ocrx_word' id='word_1_144' title='bbox 1230 2036 1423 2116; x_wconf 75' lang='lat' dir='ltr'>postularitb</span> 
     </span>
     <span class='ocr_line' id='line_1_18' title="bbox 312 2119 1394 2202; baseline 0.002 -20"><span class='ocrx_word' id='word_1_145' title='bbox 312 2119 380 2201; x_wconf 91' lang='lat' dir='ltr'>plus</span> <span class='ocrx_word' id='word_1_146' title='bbox 394 2120 480 2200; x_wconf 92' lang='lat' dir='ltr'>petiti</span> <span class='ocrx_word' id='word_1_147' title='bbox 499 2120 635 2202; x_wconf 87' lang='lat' dir='ltr'>periculo</span> <span class='ocrx_word' id='word_1_148' title='bbox 655 2120 869 2200; x_wconf 81' lang='lat' dir='ltr'>stranguletur.</span> <span class='ocrx_word' id='word_1_149' title='bbox 891 2138 945 2183; x_wconf 80' lang='lat' dir='ltr'>rex</span> <span class='ocrx_word' id='word_1_150' title='bbox 960 2119 1086 2182; x_wconf 75' lang='lat' dir='ltr'>eouuvii</span> <span class='ocrx_word' id='word_1_151' title='bbox 1101 2119 1281 2184; x_wconf 91' lang='lat' dir='ltr'>iniuriarum</span> <span class='ocrx_word' id='word_1_152' title='bbox 1295 2123 1394 2184; x_wconf 85' lang='lat' dir='ltr'>merita</span> 
     </span>
     <span class='ocr_line' id='line_1_19' title="bbox 312 2204 1395 2287; baseline 0.003 -20"><span class='ocrx_word' id='word_1_153' title='bbox 312 2205 400 2267; x_wconf 89' lang='lat' dir='ltr'>etiam</span> <span class='ocrx_word' id='word_1_154' title='bbox 421 2204 596 2268; x_wconf 87' lang='lat' dir='ltr'>voluntariis</span> <span class='ocrx_word' id='word_1_155' title='bbox 610 2204 865 2269; x_wconf 86' lang='lat' dir='ltr'>decertationibus</span> <span class='ocrx_word' id='word_1_156' title='bbox 879 2214 1005 2285; x_wconf 87' lang='lat' dir='ltr'>cogatur</span> <span class='ocrx_word' id='word_1_157' title='bbox 1019 2205 1189 2281; x_wconf 83' lang='lat' dir='ltr'>exsolvere,</span> <span class='ocrx_word' id='word_1_158' title='bbox 1203 2206 1246 2267; x_wconf 83' lang='lat' dir='ltr'>ita</span> <span class='ocrx_word' id='word_1_159' title='bbox 1262 2215 1298 2269; x_wconf 94' lang='lat' dir='ltr'>ut</span> <span class='ocrx_word' id='word_1_160' title='bbox 1315 2225 1395 2287; x_wconf 91' lang='lat' dir='ltr'>prae·</span> 
     </span>
     <span class='ocr_line' id='line_1_20' title="bbox 311 2290 1392 2354; baseline 0.001 -1"><span class='ocrx_word' id='word_1_161' title='bbox 311 2291 405 2353; x_wconf 92' lang='lat' dir='ltr'>mium</span> <span class='ocrx_word' id='word_1_162' title='bbox 416 2291 569 2354; x_wconf 90' lang='lat' dir='ltr'>criminosi</span> <span class='ocrx_word' id='word_1_163' title='bbox 581 2295 614 2354; x_wconf 81' lang='lat' dir='ltr'>itt</span> <span class='ocrx_word' id='word_1_164' title='bbox 625 2291 794 2354; x_wconf 89' lang='lat' dir='ltr'>mercedem</span> <span class='ocrx_word' id='word_1_165' title='bbox 806 2300 940 2354; x_wconf 89' lang='lat' dir='ltr'>transeat</span> <span class='ocrx_word' id='word_1_166' title='bbox 950 2291 1107 2353; x_wconf 83' lang='lat' dir='ltr'>vulnerati.</span> <span class='ocrx_word' id='word_1_167' title='bbox 1123 2290 1155 2352; x_wconf 94' lang='lat' dir='ltr'>in</span> <span class='ocrx_word' id='word_1_168' title='bbox 1168 2299 1288 2353; x_wconf 90' lang='lat' dir='ltr'>tantum</span> <span class='ocrx_word' id='word_1_169' title='bbox 1301 2302 1392 2354; x_wconf 89' lang='lat' dir='ltr'>autem</span> 
     </span>
     <span class='ocr_line' id='line_1_21' title="bbox 313 2376 1392 2458; baseline 0.003 -20"><span class='ocrx_word' id='word_1_170' title='bbox 313 2376 450 2458; x_wconf 87' lang='lat' dir='ltr'>parasitis</span> <span class='ocrx_word' id='word_1_171' title='bbox 472 2377 589 2440; x_wconf 87' lang='lat' dir='ltr'>consuli</span> <span class='ocrx_word' id='word_1_172' title='bbox 611 2378 676 2439; x_wconf 91' lang='lat' dir='ltr'>iura</span> <span class='ocrx_word' id='word_1_173' title='bbox 699 2377 871 2453; x_wconf 85' lang='lat' dir='ltr'>voluerunt,</span> <span class='ocrx_word' id='word_1_174' title='bbox 887 2386 922 2439; x_wconf 95' lang='lat' dir='ltr'>ut</span> <span class='ocrx_word' id='word_1_175' title='bbox 935 2378 962 2439; x_wconf 92' lang='lat' dir='ltr'>si</span> <span class='ocrx_word' id='word_1_176' title='bbox 975 2376 1150 2439; x_wconf 78' lang='lat' dir='ltr'>vulneribus</span> <span class='ocrx_word' id='word_1_177' title='bbox 1171 2376 1310 2441; x_wconf 87' lang='lat' dir='ltr'>addictus</span> <span class='ocrx_word' id='word_1_178' title='bbox 1324 2396 1392 2440; x_wconf 87' lang='lat' dir='ltr'>oon·</span> 
     </span>
     <span class='ocr_line' id='line_1_22' title="bbox 313 2460 1421 2543; baseline -0.002 -19"><span class='ocrx_word' id='word_1_179' title='bbox 313 2471 417 2524; x_wconf 87' lang='lat' dir='ltr'>testata</span> <span class='ocrx_word' id='word_1_180' title='bbox 440 2462 491 2525; x_wconf 92' lang='lat' dir='ltr'>lite</span> <span class='ocrx_word' id='word_1_181' title='bbox 511 2462 665 2537; x_wconf 85' lang='lat' dir='ltr'>deiecerit,</span> <span class='ocrx_word' id='word_1_182' title='bbox 690 2460 852 2524; x_wconf 91' lang='lat' dir='ltr'>heredibus</span> <span class='ocrx_word' id='word_1_183' title='bbox 874 2461 939 2525; x_wconf 90' lang='lat' dir='ltr'>eius</span> <span class='ocrx_word' id='word_1_184' title='bbox 963 2462 1083 2543; x_wconf 92' lang='lat' dir='ltr'>paterni</span> <span class='ocrx_word' id='word_1_185' title='bbox 1107 2461 1219 2524; x_wconf 89' lang='lat' dir='ltr'>laboris</span> <span class='ocrx_word' id='word_1_186' title='bbox 1242 2481 1279 2526; x_wconf 92' lang='lat' dir='ltr'>ac</span> <span class='ocrx_word' id='word_1_187' title='bbox 1300 2461 1421 2525; x_wconf 79' lang='lat' dir='ltr'>merititt</span> 
     </span>
     <span class='ocr_line' id='line_1_23' title="bbox 312 2546 1392 2630; baseline 0.001 -22"><span class='ocrx_word' id='word_1_188' title='bbox 312 2547 443 2628; x_wconf 91' lang='lat' dir='ltr'>praemia</span> <span class='ocrx_word' id='word_1_189' title='bbox 459 2567 520 2610; x_wconf 90' lang='lat' dir='ltr'>non</span> <span class='ocrx_word' id='word_1_190' title='bbox 544 2557 705 2628; x_wconf 80' lang='lat' dir='ltr'>negentur.</span> <span class='ocrx_word' id='word_1_191' title='bbox 725 2546 806 2626; x_wconf 93' lang='lat' dir='ltr'>quod</span> <span class='ocrx_word' id='word_1_192' title='bbox 828 2547 853 2609; x_wconf 91' lang='lat' dir='ltr'>si</span> <span class='ocrx_word' id='word_1_193' title='bbox 874 2548 1022 2630; x_wconf 85' lang='lat' dir='ltr'>parasitus</span> <span class='ocrx_word' id='word_1_194' title='bbox 1045 2546 1178 2627; x_wconf 62' lang='lat' dir='ltr'>mamus</span> <span class='ocrx_word' id='word_1_195' title='bbox 1192 2554 1339 2611; x_wconf 86' lang='lat' dir='ltr'>tractatus</span> <span class='ocrx_word' id='word_1_196' title='bbox 1351 2548 1392 2610; x_wconf 92' lang='lat' dir='ltr'>in-</span> 
     </span>
     <span class='ocr_line' id='line_1_24' title="bbox 313 2631 1393 2714; baseline 0.001 -20"><span class='ocrx_word' id='word_1_197' title='bbox 313 2633 485 2709; x_wconf 86' lang='lat' dir='ltr'>commode,</span> <span class='ocrx_word' id='word_1_198' title='bbox 506 2641 607 2695; x_wconf 91' lang='lat' dir='ltr'>tamen</span> <span class='ocrx_word' id='word_1_199' title='bbox 623 2634 660 2696; x_wconf 89' lang='lat' dir='ltr'>do</span> <span class='ocrx_word' id='word_1_200' title='bbox 674 2631 760 2695; x_wconf 91' lang='lat' dir='ltr'>malis</span> <span class='ocrx_word' id='word_1_201' title='bbox 773 2632 836 2695; x_wconf 88' lang='lat' dir='ltr'>suis</span> <span class='ocrx_word' id='word_1_202' title='bbox 850 2632 1009 2696; x_wconf 91' lang='lat' dir='ltr'>intestatus</span> <span class='ocrx_word' id='word_1_203' title='bbox 1024 2632 1181 2708; x_wconf 90' lang='lat' dir='ltr'>occiderit,</span> <span class='ocrx_word' id='word_1_204' title='bbox 1202 2633 1292 2696; x_wconf 90' lang='lat' dir='ltr'>heres</span> <span class='ocrx_word' id='word_1_205' title='bbox 1313 2651 1393 2714; x_wconf 87' lang='lat' dir='ltr'>agere</span> 
     </span>
     <span class='ocr_line' id='line_1_25' title="bbox 314 2717 1392 2799; baseline 0.002 -21"><span class='ocrx_word' id='word_1_206' title='bbox 314 2737 376 2779; x_wconf 93' lang='lat' dir='ltr'>non</span> <span class='ocrx_word' id='word_1_207' title='bbox 391 2719 513 2798; x_wconf 92' lang='lat' dir='ltr'>poterit.</span> <span class='ocrx_word' id='word_1_208' title='bbox 529 2719 580 2799; x_wconf 92' lang='lat' dir='ltr'>qui</span> <span class='ocrx_word' id='word_1_209' title='bbox 596 2737 700 2782; x_wconf 89' lang='lat' dir='ltr'>causas</span> <span class='ocrx_word' id='word_1_210' title='bbox 714 2719 820 2779; x_wconf 91' lang='lat' dir='ltr'>mortis</span> <span class='ocrx_word' id='word_1_211' title='bbox 836 2736 900 2780; x_wconf 93' lang='lat' dir='ltr'>non</span> <span class='ocrx_word' id='word_1_212' title='bbox 915 2718 1088 2789; x_wconf 88' lang='lat' dir='ltr'>reddiderit,</span> <span class='ocrx_word' id='word_1_213' title='bbox 1104 2717 1277 2798; x_wconf 87' lang='lat' dir='ltr'>insepultus</span> <span class='ocrx_word' id='word_1_214' title='bbox 1291 2718 1392 2780; x_wconf 81' lang='lat' dir='ltr'>abicia</span> 
     </span>
     <span class='ocr_line' id='line_1_26' title="bbox 310 2803 1392 2884; baseline -0.001 -18"><span class='ocrx_word' id='word_1_215' title='bbox 310 2812 371 2866; x_wconf 86' lang='lat' dir='ltr'>tur.</span> <span class='ocrx_word' id='word_1_216' title='bbox 395 2812 424 2865; x_wconf 88' lang='lat' dir='ltr'>et</span> <span class='ocrx_word' id='word_1_217' title='bbox 439 2804 512 2866; x_wconf 84' lang='lat' dir='ltr'>liaeo</span> <span class='ocrx_word' id='word_1_218' title='bbox 525 2806 626 2867; x_wconf 88' lang='lat' dir='ltr'>omnia</span> <span class='ocrx_word' id='word_1_219' title='bbox 645 2805 689 2867; x_wconf 87' lang='lat' dir='ltr'>sic</span> <span class='ocrx_word' id='word_1_220' title='bbox 704 2803 930 2876; x_wconf 89' lang='lat' dir='ltr'>constituimus,</span> <span class='ocrx_word' id='word_1_221' title='bbox 951 2804 1037 2884; x_wconf 87' lang='lat' dir='ltr'>quasi</span> <span class='ocrx_word' id='word_1_222' title='bbox 1051 2804 1131 2866; x_wconf 90' lang='lat' dir='ltr'>inter</span> <span class='ocrx_word' id='word_1_223' title='bbox 1151 2803 1311 2866; x_wconf 89' lang='lat' dir='ltr'>hominum</span> <span class='ocrx_word' id='word_1_224' title='bbox 1325 2803 1392 2865; x_wconf 88' lang='lat' dir='ltr'>libe·</span> 
     </span>
     <span class='ocr_line' id='line_1_27' title="bbox 312 2888 1423 2969; baseline -0.002 -20"><span class='ocrx_word' id='word_1_225' title='bbox 312 2907 416 2950; x_wconf 90' lang='lat' dir='ltr'>rorum</span> <span class='ocrx_word' id='word_1_226' title='bbox 431 2898 462 2952; x_wconf 87' lang='lat' dir='ltr'>et</span> <span class='ocrx_word' id='word_1_227' title='bbox 475 2890 642 2969; x_wconf 86' lang='lat' dir='ltr'>aequalium</span> <span class='ocrx_word' id='word_1_228' title='bbox 665 2890 768 2952; x_wconf 84' lang='lat' dir='ltr'>ludum</span> <span class='ocrx_word' id='word_1_229' title='bbox 782 2889 940 2952; x_wconf 84' lang='lat' dir='ltr'>lasciviens</span> <span class='ocrx_word' id='word_1_230' title='bbox 962 2888 1050 2951; x_wconf 90' lang='lat' dir='ltr'>turba</span> <span class='ocrx_word' id='word_1_231' title='bbox 1070 2888 1228 2951; x_wconf 80' lang='lat' dir='ltr'>desaeviat.</span> <span class='ocrx_word' id='word_1_232' title='bbox 1258 2908 1327 2951; x_wconf 92' lang='lat' dir='ltr'>nam</span> <span class='ocrx_word' id='word_1_233' title='bbox 1341 2889 1367 2951; x_wconf 85' lang='lat' dir='ltr'>si</span> <span class='ocrx_word' id='word_1_234' title='bbox 1378 2895 1423 2948; x_wconf 77' lang='lat' dir='ltr'>att</span> 
     </span>
    </p>
   </div>
   <div class='ocr_carea' id='block_1_3' title="bbox 312 2973 1392 3142">
    <p class='ocr_par' dir='ltr' id='par_1_3' title="bbox 312 2973 1392 3142">
     <span class='ocr_line' id='line_1_28' title="bbox 312 2973 1392 3057; baseline 0.001 -22"><span class='ocrx_word' id='word_1_235' title='bbox 312 2982 441 3055; x_wconf 90' lang='lat' dir='ltr'>patrono</span> <span class='ocrx_word' id='word_1_236' title='bbox 456 2975 503 3037; x_wconf 82' lang='lat' dir='ltr'>vel</span> <span class='ocrx_word' id='word_1_237' title='bbox 516 2995 601 3038; x_wconf 88' lang='lat' dir='ltr'>servo</span> <span class='ocrx_word' id='word_1_238' title='bbox 625 2975 745 3057; x_wconf 92' lang='lat' dir='ltr'>patroni</span> <span class='ocrx_word' id='word_1_239' title='bbox 761 2976 910 3056; x_wconf 91' lang='lat' dir='ltr'>parasitus</span> <span class='ocrx_word' id='word_1_240' title='bbox 925 2983 1031 3037; x_wconf 92' lang='lat' dir='ltr'>contra</span> <span class='ocrx_word' id='word_1_241' title='bbox 1046 2975 1127 3053; x_wconf 88' lang='lat' dir='ltr'>leges</span> <span class='ocrx_word' id='word_1_242' title='bbox 1147 2974 1307 3054; x_wconf 90' lang='lat' dir='ltr'>pertulerit</span> <span class='ocrx_word' id='word_1_243' title='bbox 1319 2973 1392 3037; x_wconf 87' lang='lat' dir='ltr'>iniu-</span> 
     </span>
     <span class='ocr_line' id='line_1_29' title="bbox 312 3060 1026 3142; baseline 0.001 -22"><span class='ocrx_word' id='word_1_244' title='bbox 312 3060 396 3131; x_wconf 90' lang='lat' dir='ltr'>riam,</span> <span class='ocrx_word' id='word_1_245' title='bbox 413 3060 534 3122; x_wconf 90' lang='lat' dir='ltr'>babebit</span> <span class='ocrx_word' id='word_1_246' title='bbox 548 3062 682 3140; x_wconf 82' lang='lat' dir='ltr'>fugiendi</span> <span class='ocrx_word' id='word_1_247' title='bbox 697 3060 822 3122; x_wconf 92' lang='lat' dir='ltr'>liberam</span> <span class='ocrx_word' id='word_1_248' title='bbox 837 3070 1026 3142; x_wconf 87' lang='lat' dir='ltr'>potestatem.</span> 
     </span>
    </p>
   </div>
   <div class='ocr_carea' id='block_1_4' title="bbox 314 3274 1394 3688">
    <p class='ocr_par' dir='ltr' id='par_1_4' title="bbox 314 3274 1394 3688">
     <span class='ocr_line' id='line_1_30' title="bbox 398 3274 1390 3342; baseline -0.001 -12"><span class='ocrx_word' id='word_1_249' title='bbox 398 3277 418 3330; x_wconf 90' lang='lat' dir='ltr'>ll</span> <span class='ocrx_word' id='word_1_250' title='bbox 430 3280 541 3329; x_wconf 74' lang='lat' dir='ltr'>initium</span> <span class='ocrx_word' id='word_1_251' title='bbox 551 3294 647 3330; x_wconf 75' lang='lat' dir='ltr'>sacrae</span> <span class='ocrx_word' id='word_1_252' title='bbox 664 3281 868 3331; x_wconf 67' lang='lat' dir='ltr'>commeationis</span> <span class='ocrx_word' id='word_1_253' title='bbox 885 3293 943 3329; x_wconf 80' lang='lat' dir='ltr'>aaa</span> <span class='ocrx_word' id='word_1_254' title='bbox 963 3293 1024 3329; x_wconf 81' lang='lat' dir='ltr'>cum</span> <span class='ocrx_word' id='word_1_255' title='bbox 1037 3276 1149 3342; x_wconf 70' lang='lat' dir='ltr'>panori</span> <span class='ocrx_word' id='word_1_256' title='bbox 1159 3279 1239 3328; x_wconf 74' lang='lat' dir='ltr'>scitu</span> <span class='ocrx_word' id='word_1_257' title='bbox 1274 3279 1348 3329; x_wconf 75' lang='lat' dir='ltr'>ertit.</span> <span class='ocrx_word' id='word_1_258' title='bbox 1359 3274 1390 3335; x_wconf 72' lang='lat' dir='ltr'>al.</span> 
     </span>
     <span class='ocr_line' id='line_1_31' title="bbox 316 3344 1392 3416; baseline -0.003 -17"><span class='ocrx_word' id='word_1_259' title='bbox 316 3346 428 3412; x_wconf 78' lang='lat' dir='ltr'>Quaroli</span> <span class='ocrx_word' id='word_1_260' title='bbox 444 3347 595 3399; x_wconf 57' lang='lat' dir='ltr'>&amp;ambiam</span> <span class='ocrx_word' id='word_1_261' title='bbox 610 3363 639 3413; x_wconf 84' lang='lat' dir='ltr'>p.</span> <span class='ocrx_word' id='word_1_262' title='bbox 658 3348 699 3413; x_wconf 82' lang='lat'>58,</span> <span class='ocrx_word' id='word_1_263' title='bbox 719 3350 765 3401; x_wconf 78' lang='lat' dir='ltr'>lb:</span> <span class='ocrx_word' id='word_1_264' title='bbox 783 3351 894 3416; x_wconf 88' lang='lat' dir='ltr'>potesne</span> <span class='ocrx_word' id='word_1_265' title='bbox 912 3346 1011 3398; x_wconf 85' lang='lat' dir='ltr'>discere</span> <span class='ocrx_word' id='word_1_266' title='bbox 1029 3346 1101 3411; x_wconf 91' lang='lat' dir='ltr'>leges</span> <span class='ocrx_word' id='word_1_267' title='bbox 1119 3345 1220 3397; x_wconf 78' lang='lat' dir='ltr'>noras?</span> <span class='ocrx_word' id='word_1_268' title='bbox 1266 3344 1392 3408; x_wconf 83' lang='lat' dir='ltr'>.bababe,</span> 
     </span>
     <span class='ocr_line' id='line_1_32' title="bbox 315 3411 1392 3482; baseline -0.004 -14"><span class='ocrx_word' id='word_1_269' title='bbox 315 3414 374 3468; x_wconf 88' lang='lat' dir='ltr'>illas</span> <span class='ocrx_word' id='word_1_270' title='bbox 392 3421 496 3482; x_wconf 88' lang='lat' dir='ltr'>egomet</span> <span class='ocrx_word' id='word_1_271' title='bbox 518 3431 550 3468; x_wconf 88' lang='lat' dir='ltr'>ex</span> <span class='ocrx_word' id='word_1_272' title='bbox 558 3420 632 3481; x_wconf 89' lang='lat' dir='ltr'>parte</span> <span class='ocrx_word' id='word_1_273' title='bbox 651 3415 762 3469; x_wconf 89' lang='lat' dir='ltr'>condidi.</span> <span class='ocrx_word' id='word_1_274' title='bbox 797 3414 827 3477; x_wconf 78' lang='lat' dir='ltr'>Q.</span> <span class='ocrx_word' id='word_1_275' title='bbox 846 3414 1117 3468; x_wconf 85' lang='lat' dir='ltr'>senatusconsultum</span> <span class='ocrx_word' id='word_1_276' title='bbox 1141 3412 1201 3465; x_wconf 88' lang='lat' dir='ltr'>dico</span> <span class='ocrx_word' id='word_1_277' title='bbox 1225 3411 1392 3465; x_wconf 53' lang='lat' dir='ltr'>&amp;viburna</span> 
     </span>
     <span class='ocr_line' id='line_1_33' title="bbox 315 3480 1393 3562; baseline -0.006 -25"><span class='ocrx_word' id='word_1_278' title='bbox 315 3489 343 3537; x_wconf 84' lang='lat' dir='ltr'>et</span> <span class='ocrx_word' id='word_1_279' title='bbox 360 3483 535 3552; x_wconf 86' lang='lat' dir='ltr'>parasiticnm.</span> <span class='ocrx_word' id='word_1_280' title='bbox 565 3482 599 3535; x_wconf 84' lang='lat' dir='ltr'>bi.</span> <span class='ocrx_word' id='word_1_281' title='bbox 619 3483 677 3548; x_wconf 85' lang='lat' dir='ltr'>ohe,</span> <span class='ocrx_word' id='word_1_282' title='bbox 693 3485 769 3536; x_wconf 73' lang='lat' dir='ltr'>mane</span> <span class='ocrx_word' id='word_1_283' title='bbox 792 3482 997 3562; x_wconf 40' lang='lat' dir='ltr'>interdictorum·</span> <span class='ocrx_word' id='word_1_284' title='bbox 1013 3482 1100 3549; x_wconf 85' lang='lat' dir='ltr'>capita</span> <span class='ocrx_word' id='word_1_285' title='bbox 1117 3481 1170 3533; x_wconf 87' lang='lat' dir='ltr'>iam</span> <span class='ocrx_word' id='word_1_286' title='bbox 1187 3496 1257 3534; x_wconf 87' lang='lat' dir='ltr'>nune</span> <span class='ocrx_word' id='word_1_287' title='bbox 1274 3480 1393 3550; x_wconf 86' lang='lat' dir='ltr'>eloquarl</span> 
     </span>
     <span class='ocr_line' id='line_1_34' title="bbox 317 3542 1394 3630; baseline -0.001 -26"><span class='ocrx_word' id='word_1_288' title='bbox 317 3552 350 3604; x_wconf 87' lang='lat' dir='ltr'>ad</span> <span class='ocrx_word' id='word_1_289' title='bbox 366 3552 452 3619; x_wconf 86' lang='lat' dir='ltr'>legem</span> <span class='ocrx_word' id='word_1_290' title='bbox 474 3551 591 3605; x_wconf 89' lang='lat' dir='ltr'>Porciam</span> <span class='ocrx_word' id='word_1_291' title='bbox 615 3552 746 3605; x_wconf 79' lang='lat' dir='ltr'>Caniniam</span> <span class='ocrx_word' id='word_1_292' title='bbox 771 3550 874 3605; x_wconf 82' lang='lat' dir='ltr'>Furiam</span> <span class='ocrx_word' id='word_1_293' title='bbox 898 3550 1050 3604; x_wconf 85' lang='lat' dir='ltr'>oonsnlrbns</span> <span class='ocrx_word' id='word_1_294' title='bbox 1068 3549 1202 3630; x_wconf 78' lang='lat' dir='ltr'>Torquato</span> <span class='ocrx_word' id='word_1_295' title='bbox 1225 3554 1254 3602; x_wconf 90' lang='lat' dir='ltr'>et</span> <span class='ocrx_word' id='word_1_296' title='bbox 1276 3542 1394 3614; x_wconf 73' lang='lat' dir='ltr'>Tamen!</span> 
     </span>
     <span class='ocr_line' id='line_1_35' title="bbox 314 3617 1319 3688; baseline -0.006 -14"><span class='ocrx_word' id='word_1_297' title='bbox 314 3622 330 3674; x_wconf 81' lang='lat'><strong>6</strong></span> <span class='ocrx_word' id='word_1_298' title='bbox 348 3620 560 3687; x_wconf 85' lang='lat' dir='ltr'>contemplationi</span> <span class='ocrx_word' id='word_1_299' title='bbox 572 3620 666 3672; x_wconf 85' lang='lat' dir='ltr'>cal-nis</span> <span class='ocrx_word' id='word_1_300' title='bbox 679 3621 744 3673; x_wconf 79' lang='lat' dir='ltr'>libra·</span> <span class='ocrx_word' id='word_1_301' title='bbox 755 3620 766 3688; x_wconf 90' lang='grc' dir='ltr'>Ι</span> <span class='ocrx_word' id='word_1_302' title='bbox 779 3624 793 3674; x_wconf 79' lang='lat' dir='ltr'>*l</span> <span class='ocrx_word' id='word_1_303' title='bbox 812 3635 914 3674; x_wconf 86' lang='lat' dir='ltr'>summo</span> <span class='ocrx_word' id='word_1_304' title='bbox 927 3619 1012 3670; x_wconf 65' lang='lat' dir='ltr'>ddum</span> <span class='ocrx_word' id='word_1_305' title='bbox 1025 3619 1036 3687; x_wconf 75' lang='grc' dir='ltr'>Ι</span> <span class='ocrx_word' id='word_1_306' title='bbox 1048 3620 1082 3671; x_wconf 76' lang='grc'>24</span> <span class='ocrx_word' id='word_1_307' title='bbox 1093 3624 1162 3674; x_wconf 89' lang='lat' dir='ltr'>mter</span> <span class='ocrx_word' id='word_1_308' title='bbox 1175 3631 1203 3669; x_wconf 87' lang='lat' dir='ltr'>se</span> <span class='ocrx_word' id='word_1_309' title='bbox 1214 3617 1319 3670; x_wconf 66' lang='lat' dir='ltr'>Dorici</span> 
     </span>
    </p>
   </div>
   <div class='ocr_carea' id='block_1_5' title="bbox 0 0 1715 4934">
    <p class='ocr_par' dir='ltr' id='par_1_5' title="bbox 0 0 1715 4934">
     <span class='ocr_line' id='line_1_36' title="bbox 0 0 1715 4934; baseline 0 0"><span class='ocrx_word' id='word_1_310' title='bbox 0 0 1715 4934; x_wconf 95' lang='lat' dir='ltr'> </span> 
     </span>
    </p>
   </div>
  </div>
 </body>
</html>
