3417 4934
384 462 422 519 16
844 463 999 518 Pmnoml

344 734 359 784 3
466 729 627 801 operuerat
641 721 776 804 Ascyltos
790 723 880 805 pallio
896 660 995 805 ciput,
1017 724 1187 787 admonitus
1205 722 1319 787 scilicet
1337 724 1493 807 pericu-‚n

384 807 479 869 losum
496 824 561 868 esse
576 807 679 870 alienis
694 808 876 872 intervenire
891 811 1013 873 secretis

344 991 359 1040 4
466 977 539 1041 duas
561 978 677 1041 institas
699 980 806 1042 ancilla
828 918 953 1062 protulit
974 982 1011 1044 de
1033 982 1101 1045 sinu
1124 982 1276 1062 alteraque
1296 982 1390 1064 pedes
1405 1000 1459 1043 no·
1495 1003 1498 1010 ·

382 1072 461 1126 stros
475 1064 612 1149 alligavit,
626 1064 718 1127 altera
733 1084 839 1129 manus

243 1235 246 1241 '
345 1248 360 1297 5
467 1235 601 1318 Ascyltos
616 1237 674 1299 iam
689 1238 847 1301 deficiente
864 1174 1030 1301 sabbarum
1047 1246 1190 1302 contextu
1205 1236 1310 1320 ‘quid't
1332 1240 1399 1319 ego’
1413 1242 1458 1303 in·
1477 1251 1489 1300 5

345 1333 360 1382 6
382 1321 446 1401 quit
468 1326 540 1384 ‘non
563 1341 630 1385 sum
652 1324 761 1403 diguus
783 1325 834 1405 qni
861 1324 995 1387 bibam‘t’
1031 1325 1136 1387 ancilla
1164 1325 1227 1387 risu
1250 1344 1317 1387 meo
1344 1327 1459 1406 prodita

383 1408 540 1489 complosit
554 1427 660 1471 manus
676 1418 706 1473 et
716 1411 853 1491 ‘apposui
869 1412 988 1492 quidem
1004 1439 1021 1472 5
1048 1411 1231 1487 adulescens,
1247 1412 1329 1475 solus
1344 1420 1459 1475 tantum

345 1506 359 1555 t
382 1494 630 1556 medicamentum
646 1494 794 1557 ebibistit’
825 1497 915 1559 ‘itane
930 1496 1006 1560 esti'
1034 1498 1132 1577 inquit
1148 1498 1292 1570 Quartilla
1307 1498 1459 1579 ‘quicquid

383 1581 492 1643 saturei
506 1581 572 1656 suit,
589 1580 752 1662 Encolpius
767 1579 893 1645 ebibict’
1417 1619 1420 1624 ·

468 1768 530 1811 non
546 1751 696 1813 indecenti
711 1753 774 1815 risu
788 1753 880 1816 latera
895 1691 1056 1816 cbmmovit
1477 1760 1500 1811 1⁰

345 1934 360 1983 8
465 1917 469 2004 Ι
489 1939 524 1983 ac
539 1940 578 1983 ue
594 1922 683 1985 Giton
700 1925 819 2005 quidem
835 1862 939 1988 ultimb
954 1926 1047 1988 risum
1063 1925 1169 2000 tenuit,
1184 1925 1287 2004 utique
1303 1932 1460 2005 postquam
1477 1928 1508 1983 m

385 2005 558 2087 virguncula
574 2009 718 2072 cervicem
736 2011 798 2073 eius
812 2012 921 2074 invasit
935 2019 965 2074 et
980 2031 1042 2073 non
1058 2012 1238 2092 repugnanti
1254 2028 1348 2091 puero
1371 2010 1461 2073 innu-

385 2091 535 2155 merabilia
552 2095 651 2157 oscula
667 2095 748 2158 dedit

331 2266 374 2336 21
468 2265 473 2342 Ι
492 2265 663 2328 volebamus
679 2267 778 2329 miseri
794 2204 969 2340 melandre,
991 2268 1042 2330 sed
1060 2285 1115 2329 nec
1131 2267 1162 2328 in
1178 2266 1286 2329 auxilio
1303 2274 1366 2328 erat
1381 2267 1462 2349 quis·
1478 2282 1498 2333 n

385 2368 483 2431 quam,
499 2358 528 2412 et
544 2351 615 2413 hinc
627 2352 740 2435 Psyche
756 2371 811 2415 acu
826 2353 988 2415 comatoria
1004 2352 1136 2434 cupienti
1151 2353 1224 2415 mibi
1235 2353 1376 2415 invocare
1387 2354 1461 2427 Qui·
1482 2362 1506 2413 55

384 2437 473 2499 ritum
486 2437 575 2499 Edem
587 2438 678 2501 malas
688 2439 851 2521 pungebat,
863 2439 946 2502 illine
958 2439 1057 2521 puella
1068 2438 1218 2521 penicillo,
1231 2439 1311 2520 quod
1323 2446 1355 2500 et
1365 2440 1463 2522 ipsum

385 2530 502 2586 satureo
519 2524 658 2610 tinxerat,
674 2524 815 2607 Ascylton
831 2526 1020 2607 opprimebat

346 2709 360 2759 2
469 2694 572 2758 ultimo
589 2696 731 2761 cinaedus
746 2634 1046 2780 supervenit*myrtea
1061 2696 1243 2760 subornatus
1257 2714 1387 2778 gausapa
1399 2697 1465 2760 cin-

384 2781 514 2862 guloque
530 2783 702 2846 succinctus

470 2868 558 2929 modo
575 2869 698 2930 extortis
712 2887 769 2929 nos
784 2866 924 2929 clunibus
939 2865 1055 2951 cecidit,
1075 2865 1164 2926 modo
1185 2864 1273 2928 basiis
1294 2865 1464 2930 olidissimis
1485 2882 1508 2931 tt

385 2952 560 3033 inquinavit,
582 2953 680 3015 donec
695 2952 839 3024 Quartilla
855 2952 1063 3014 balaenaceam
1086 2960 1193 3014 tenens
1215 2951 1327 3031 virgam
1347 2953 1466 3033 alteque

384 3038 535 3100 succincta
551 3039 636 3101 iussit
650 3036 821 3101 infelicibus
836 3038 899 3101 dari
915 3037 1087 3101 missionem

347 3223 362 3272 3
470 3215 597 3289 uterque
627 3217 763 3272 nostrum
785 3146 1015 3289 religiosidsimis
1041 3207 1148 3271 iurarit
1169 3207 1267 3269 verbis
1290 3207 1371 3270 iuter
1391 3208 1470 3271 duos

385 3295 551 3378 periturum
567 3313 632 3359 esse
648 3304 707 3359 tam
722 3295 867 3358 horribile
881 3304 1031 3359 secretum

348 3479 363 3528 4
471 3465 659 3530 intraverunt
672 3467 859 3549 palaestritae
874 3404 1044 3547 corbplures
1059 3473 1090 3527 et
1104 3485 1161 3527 nos
1175 3465 1306 3546 legitimo
1326 3464 1466 3547 perfusos
1488 3479 1508 3530 nt

349 3565 364 3614 5
387 3551 453 3614 5155
469 3552 650 3616 refecerunt.
680 3562 835 3633 utcunque
851 3571 922 3633 ergo
938 3551 1112 3615 lassitudine
1127 3550 1240 3615 abiecta
1252 3550 1402 3614 cenatoria
1418 3569 1469 3612 re-

386 3638 516 3720 petimus
532 3638 607 3701 etin
629 3640 794 3721 proximam
818 3640 922 3701 cellam
944 3637 1026 3702 ducti
1048 3657 1159 3723 sumus,
1180 3639 1212 3699 in
1236 3658 1293 3719 qua
1315 3645 1377 3699 tres
1398 3637 1470 3700 lecti

387 3724 470 3787 strati
486 3733 573 3786 erant
588 3733 618 3787 et
632 3726 766 3806 reliquus
780 3725 961 3788 lautitiarum
976 3733 1137 3806 apparatus
1154 3723 1392 3805 splendidissime
1415 3742 1467 3785 cx-

472 3849 488 3898 5
506 3844 619 3915 5535117
639 3844 760 3912 apposuit
775 3842 779 3911 Ι
795 3847 881 3896 tamen
900 3842 1113 3909 Scaligeronnal
1134 3844 1149 3895 8
1168 3844 1211 3893 liic
1228 3839 1366 3907 Encolpius
1384 3840 1469 3892 ebibit

387 3915 583 3967 conlocandum
595 3930 650 3965 esso
662 3916 688 3963 et
699 3915 714 3965 9
728 3912 832 3965 ebibisti
843 3912 997 3964 Strelitztue
1010 3916 1098 3963 censet
1112 3909 1117 3977 Ι
1131 3911 1158 3962 in
1168 3909 1234 3961 libro
1243 3906 1316 3959 llllll.
1329 3906 1373 3957 nbi
1386 3907 1467 3969 Quar-

387 3984 441 4036 tilla
454 3982 711 4050 interpositedscilto
723 3987 750 4033 et
764 3981 887 4048 Encolpio
899 3981 1035 4047 propinato
1048 3978 1269 4044 iterumillaparte
1283 3980 1468 4041 [expectabam

387 4053 508 4120 propinat
517 4059 543 4104 et
553 4052 612 4105 buic
624 4050 717 4103 ancilla
728 4052 838 4117 partem]
850 4050 942 4101 Ascilti
953 4049 1042 4101 tribuit
1052 4048 1083 4101 ad
1094 4045 1242 4114 potandum.
1261 4044 1328 4096 unde
1341 4045 1377 4095 ait
1386 4044 1466 4106 Quar-

388 4120 444 4173 tilla
461 4121 592 4189 ‘quicquid
605 4120 691 4173 satirei
706 4118 762 4184 luit,
775 4118 915 4184 Encolpius
924 4115 1033 4170 ebibitt’
1051 4116 1197 4182 adscripsit
1207 4114 1388 4180 interpolator
1399 4114 1468 4166 Fut-

384 4192 474 4255 gentii
491 4193 578 4241 vertis
595 4192 634 4240 eis
652 4204 721 4256 quoe
738 4190 769 4240 in
780 4186 817 4251 fr.
831 4185 884 4240 Vll
897 4190 980 4254 poeni
996 4190 1027 4238 in
1045 4185 1136 4237 codice
1153 4184 1279 4235 Parisino
1291 4183 1355 4235 7975
1364 4183 1467 4236 soeculi

385 4258 427 4312 X!
435 4258 446 4328 Ι
461 4260 491 4312 18
509 4258 631 4326 gausapia
