3417 4934
291 466 353 543 {150
759 475 910 530 casurus

392 668 450 712 neo
465 649 628 712 semiuosas
643 649 678 710 ad
695 650 865 712 cucurbitas
879 668 1057 730 quemquam

389 736 426 797 ad
442 734 607 796 ocimumva
622 752 857 814 cucumeresque
871 736 954 797 humi
972 736 1054 797 fusos

393 819 496 882 venire
511 819 611 892 orado,
627 818 781 882 sassiiasva
796 821 926 882 lactucas

321 917 350 967 22
393 922 538 985 acresque
553 922 660 984 caepas
675 905 827 983 aliumque
842 906 982 990 furatum,

321 1002 351 1053 20
394 1007 452 1052 uec
467 998 500 1051 ut
514 989 627 1052 salaces
642 993 732 1052 nocte
747 990 830 1051 tollat
845 1009 951 1053 urucas

393 1083 585 1154 mantumque
601 1075 732 1137 olentem
747 1092 816 1138 uum
830 1076 1000 1138 salubribus
1014 1075 1100 1140 rutis.

394 1178 470 1241 quae
485 1171 594 1222 cuncta
610 1161 743 1240 quamvis
758 1170 864 1223 nostro
880 1162 1024 1224 babemus
1038 1162 1071 1223 iu
1087 1170 1202 1242 saepto,

395 1264 458 1307 uon
474 1245 616 1326 pauciora
630 1246 759 1326 proximi
773 1248 876 1308 ierunt
891 1248 976 1314 horti.

394 1330 504 1411 quibus
518 1331 630 1394 relictis
644 1330 675 1392 iu
692 1331 765 1393 mibi
779 1331 947 1395 laboratum

392 1416 492 1479 locum
507 1416 624 1497 venitis,
639 1416 852 1496 improbissimi
868 1418 964 1482 fures:

393 1501 534 1563 nimirum
550 1510 683 1583 apertam
698 1502 863 1565 consolatis
878 1503 914 1564 ad
926 1521 1064 1584 poenam,

393 1587 453 1650 boc
468 1605 521 1650 vos
536 1597 567 1649 at
580 1587 689 1668 ipsum,
703 1587 782 1667 quod
797 1588 958 1664 minamur,
971 1589 1085 1650 invitat.

805 1739 857 1800 Lll

392 1858 532 1930 Heus'tu
549 1878 612 1921 nou
628 1858 705 1920 boue
721 1858 773 1937 qui
787 1876 910 1920 manum
925 1878 1062 1939 rapacem

392 1945 533 2008 mandato
547 1944 620 2007 mihi
635 1944 775 2006 contines
786 1943 823 2004 ab
838 1944 937 2023 horto,

393 2031 451 2092 iam
468 2030 599 2110 primum
614 2037 707 2092 stator
721 2029 769 2091 bic
784 2027 963 2092 libidinosus

393 2115 517 2176 alteruis
532 2123 562 2176 et
577 2115 677 2175 eundo
692 2122 723 2175 et
737 2114 874 2176 exeundo

391 2209 478 2281 porta
493 2208 523 2262 ta
538 2198 628 2262 faciet
641 2200 850 2280 patentiorem.

392 2286 618 2360 accedentius,
634 2285 684 2365 qui
699 2284 776 2346 latus
789 2292 923 2359 tuentur,

392 2370 498 2451 pulcre
512 2370 679 2452 pensilibus
694 2369 849 2449 peculia1i3

393 2456 445 2536 qui
462 2474 531 2518 cum
546 2465 576 2517 te
591 2455 667 2517 male
683 2455 815 2516 foderint
829 2456 987 2530 iacentem,

394 2540 432 2602 ad
446 2550 562 2621 partem
578 2541 677 2603 veniat
691 2540 772 2602 salax
786 2539 897 2602 asellus

396 2626 459 2688 uilo
475 2626 605 2688 deterius
619 2626 815 2687 mutuniatus.

392 2729 484 2792 quara
501 2712 552 2791 qui
566 2712 669 2791 sapiat,
684 2711 795 2773 malum
811 2708 935 2781 cavebit,

391 2815 461 2859 cum
475 2805 593 2858 tautum
608 2797 683 2859 sciat
698 2815 764 2859 essa
779 2796 990 2859 mentularum.

795 2945 863 3010 Llll

392 3066 561 3129 Contentus
575 3067 694 3129 modico
709 3066 845 3129 Bacchus
860 3064 938 3127 solet
951 3081 1017 3126 asse
1032 3081 1163 3141 racemo,

436 3169 505 3214 uum
520 3152 640 3233 capiant
651 3151 701 3212 alti
718 3153 765 3212 vix
780 3152 838 3213 uita
853 3157 950 3212 musta
966 3150 1058 3223 lacus,

392 3255 563 3317 magnaque
579 3236 715 3299 fecundis
731 3255 800 3298 cum
815 3236 964 3298 messibus
979 3253 1047 3296 area
1063 3235 1149 3313 desit,

434 3322 467 3383 iu
483 3322 601 3385 Cereris
616 3323 716 3384 crines
731 3340 790 3383 una
807 3339 919 3398 corona
934 3320 1031 3382 datur.

332 3416 348 3466 5
390 3417 424 3468 tu
440 3426 571 3487 quoque,
587 3407 652 3469 diva
668 3408 777 3481 minor,
793 3407 938 3468 maiorum
954 3405 1090 3487 axampia
1104 3416 1236 3481 secutus,

436 3493 570 3573 quamvis
584 3511 679 3574 pauca
693 3492 806 3566 damus,
822 3492 947 3554 consuis
961 3509 1050 3572 poma
1066 3491 1151 3554 boui.

792 3643 874 3706 Lllll

392 3764 440 3827 (21)
456 3764 482 3827 si
493 3764 607 3827 scribas
621 3774 833 3845 temonemqua
849 3764 975 3844 iusuper
989 3764 1088 3835 addas,

436 3850 487 3930 qui
502 3851 632 3929 medium
649 3850 710 3913 vult
725 3858 755 3911 ta
770 3849 917 3924 scindere,
932 3849 1032 3930 pictus
1047 3849 1114 3911 erit.

376 4050 404 4103 11
424 4052 457 4104 28
476 4054 504 4103 et
519 4066 569 4103 vos
587 4051 637 4104 bos
654 4050 814 4119 ipsumibli
831 4054 848 4104 4
866 4049 982 4104 ineundo
999 4048 1133 4119 vulgali
1152 4054 1258 4120 putum
1293 4049 1344 4102 im

290 4124 376 4185 partes
401 4117 575 4185 Salmasius!
595 4122 627 4172 10
651 4118 716 4170 nibil
738 4124 789 4171 aut
804 4125 831 4172 et
848 4118 886 4172 nil
903 4122 954 4169 aut
970 4118 1006 4170 nii
1030 4120 1082 4171 ium
1097 4119 1103 4185 Ι
1119 4121 1152 4175 11
1178 4117 1236 4190 quil
1299 4118 1344 4172 1111

290 4185 373 4239 maius
398 4187 579 4239 Baabmuim
598 4194 602 4251 Ι
624 4188 656 4240 12
680 4187 746 4239 sciat
769 4187 892 4241 Catullus
907 4189 934 4251 ὅ,
951 4186 1012 4256 ibi
1031 4185 1114 4241 HM
1140 4186 1220 4242 altos.
1256 4183 1344 4252 Μ·

288 4254 375 4321 cupiat
392 4253 585 4325 multusflbllll
604 4258 619 4313 1
638 4254 676 4307 Ed
694 4255 717 4308 si
731 4253 737 4324 1
752 4258 768 4309 2
786 4262 813 4308 te
831 4256 888 4308 vult
904 4255 984 4321 volgo
1215 4259 1239 4276 “’
1266 4257 1292 4278 ’·
