3417 4934
851 1206 867 1243 ’l‘

270 1270 310 1322 ΒΟ
401 1275 486 1333 ‘num
509 1270 565 1331 alio
581 1286 693 1351 genere
709 1269 855 1331 furiarum
876 1269 1089 1332 declamatores
1109 1268 1324 1348 inquietantur,
1345 1268 1395 1349 qui
1419 1262 1438 1329 1

316 1357 462 1421 clamant:
476 1356 568 1417 “baec
578 1355 701 1417 vulnera
712 1374 768 1436 pro
780 1355 916 1418 libertate
927 1354 1045 1435 publica
1055 1354 1175 1435 excepi;
1186 1355 1268 1417 bunc
1278 1354 1399 1416 oculum

317 1461 371 1524 pro
387 1440 474 1504 robis
490 1442 637 1522 impendi:
660 1442 727 1503 date
749 1440 822 1502 mibi
845 1440 962 1515 ducem,
986 1439 1037 1520 qui
1059 1458 1106 1501 me
1129 1439 1217 1501 ducat
1237 1439 1273 1501 ad
1289 1439 1400 1501 liberos

318 1547 410 1602 meos,
435 1546 504 1589 nam
527 1528 634 1590 succisi
657 1526 786 1609 poplites
808 1527 942 1589 membra
958 1545 1020 1588 non
1036 1522 1226 1588 sustinend’l
1248 1526 1321 1587 baec
1336 1526 1399 1605 ipsa
1421 1533 1436 1583 2

286 1624 297 1672 5
317 1612 483 1676 tolerabilia
499 1620 609 1688 essent,
624 1613 649 1675 si
664 1612 700 1673 ad
717 1612 917 1692 eloquentiam
940 1612 1027 1674 ituris
1041 1611 1117 1672 viam
1140 1612 1281 1674 lacerent
1317 1629 1401 1672 nunc

320 1710 348 1761 et
362 1716 467 1761 rerum
481 1706 598 1760 tumore
614 1706 645 1760 et
659 1698 878 1760 sententiarum
893 1698 1052 1759 vanissimo
1067 1697 1194 1778 strepitu
1209 1697 1266 1759 boo
1284 1705 1401 1757 tantum

319 1784 491 1865 proliciunt,
514 1793 549 1846 ut
564 1801 632 1846 cum
648 1784 678 1845 in
696 1785 793 1844 lorum
808 1783 955 1868 venerint,
975 1790 1084 1863 potent
1097 1801 1130 1844 se
1145 1782 1176 1844 in
1191 1782 1282 1844 adum
1297 1781 1401 1843 orbem

270 1876 271 1880 ’
318 1879 467 1932 terrorum
483 1869 603 1931 delatos.
638 1878 668 1931 et
682 1869 749 1931 idco
765 1886 820 1949 ego
835 1867 1077 1931 adulescentulos
1092 1868 1228 1931 existimo
1244 1868 1275 1930 in
1291 1867 1401 1930 scholis
1422 1874 1438 1926 3

319 1955 509 2018 stultissimos
531 1954 607 2030 tieri,
631 1954 700 2035 quia
715 1955 790 2016 nihil
805 1973 842 2017 ex
863 1954 919 2032 his,
942 1971 1018 2033 quae
1041 1954 1072 2015 in
1095 1972 1152 2015 usu
1172 1952 1328 2027 babemus,
1352 1961 1403 2015 aut

275 2048 299 2100 to
318 2041 445 2105 audiunt
466 2049 518 2103 aut
537 2039 649 2119 rident,
670 2041 721 2103 sed
744 2040 855 2121 piratas
878 2059 945 2102 cum
969 2039 1082 2101 catenis
1105 2039 1136 2101 in
1164 2039 1252 2102 litore
1281 2047 1405 2118 stantes,

321 2127 373 2190 sed
396 2134 541 2208 tyrannos
557 2126 652 2188 edicta
668 2125 844 2205 scribentes,
867 2126 975 2207 quibus
990 2126 1141 2206 imperent
1155 2125 1222 2187 tiliis
1237 2132 1271 2186 ut
1285 2134 1402 2205 patrum

320 2231 447 2275 suorum
463 2213 558 2293 capita
573 2212 754 2292 praecidant,
776 2212 829 2274 sed
843 2230 988 2293 responsa
1004 2211 1035 2273 in
1052 2210 1252 2291 pestilentiam
1274 2210 1350 2290 data,
1371 2219 1405 2273 ut

320 2298 452 2379 virgines
467 2306 528 2360 tres
544 2304 595 2358 aut
609 2298 710 2377 plures
725 2298 929 2375 immolentur,
952 2297 1004 2361 sed
1018 2296 1147 2360 mellitos
1161 2296 1322 2359 verborum
1338 2296 1404 2377 glo-

320 2384 409 2446 bulos
424 2390 454 2445 et
469 2383 568 2446 omnia
584 2384 662 2445 dicta
677 2385 812 2465 iactaque
827 2384 912 2464 quasi
933 2400 1080 2464 papavere
1103 2392 1133 2444 et
1153 2401 1268 2445 sesamo
1290 2401 1402 2463 sparsa.

275 2480 300 2529 15
321 2470 373 2549 qui
395 2470 476 2531 inter
496 2468 569 2544 haec
591 2469 776 2548 nutriuntur,
806 2488 868 2531 non
896 2470 989 2549 magis
1016 2486 1121 2549 sapere
1148 2477 1285 2549 possunt,
1313 2465 1445 2549 quam2

321 2554 399 2617 bene
423 2553 514 2633 olere,
537 2554 641 2633 quiin
665 2554 765 2616 culina
788 2554 933 2616 habitant.
970 2572 1044 2634 pace
1059 2561 1155 2616 vestra
1177 2553 1264 2616 liceat
1286 2553 1404 2634 dixisse,
1424 2567 1438 2617 2

320 2640 411 2721 primi
426 2641 561 2701 omnium
577 2639 776 2719 eloquentiam
792 2639 972 2720 perdidistis.
998 2638 1111 2701 loribus
1132 2640 1211 2701 enim
1233 2647 1322 2719 atque
1336 2639 1400 2702 ina-

321 2725 411 2788 nibus
433 2726 516 2788 sonis
536 2725 665 2788 ludibria
694 2726 837 2806 quaedam
868 2724 1023 2788 excitando
1052 2724 1202 2808 effecistis,
1230 2734 1264 2785 ut
1290 2743 1401 2806 corpus

321 2811 467 2874 orationis
483 2820 675 2873 enervaretur
689 2820 719 2873 et
734 2812 863 2874 caderet.
896 2811 1029 2873 nondum
1046 2810 1168 2873 iuvenes
1183 2809 1401 2873 declamationi·
1422 2822 1437 2872 3

269 2899 298 2949 2⁰
320 2896 377 2959 bus
405 2894 647 2975 continebantur,
675 2916 745 2959 cum
768 2898 932 2980 Sophocles
961 2904 1012 2958 aut
1034 2895 1192 2977 Euripides
1221 2896 1402 2960 invenerunt

318 2981 410 3044 verba
426 2981 535 3062 quibus
550 2982 696 3044 deberent
710 2983 802 3062 loqui,
837 2983 973 3044 nondum
988 2981 1170 3044 umbraticus
1188 2982 1293 3044 doctor
1315 2982 1400 3063 inge·
1422 2994 1438 3043 4

319 3069 369 3129 nia
386 3067 541 3145 deleverat,
556 3085 624 3128 cum
641 3068 786 3131 Pindarus
802 3087 969 3147 novemque
984 3066 1068 3148 lyrici
1083 3067 1250 3131 Homericis
1264 3068 1399 3132 versibus

319 3171 431 3215 canere
445 3154 620 3215 timuerunt.
652 3161 682 3215 et
698 3173 735 3215 nc
750 3163 854 3234 poetas
872 3147 1015 3239 [quidem]
1032 3153 1069 3213 ad
1084 3154 1287 3216 testimonium
1302 3154 1400 3234 citam,
1421 3166 1436 3215 5

318 3246 402 3301 certe
425 3257 524 3318 neque
541 3238 663 3302 Platona
686 3258 784 3319 neque
800 3239 1021 3301 Demosthenen
1044 3238 1080 3299 ad
1102 3240 1160 3301 boc
1175 3258 1271 3320 genus
1286 3242 1398 3303 exerci-

267 3327 297 3377 25
318 3323 441 3387 tationis
456 3324 616 3387 accessisse
630 3325 724 3387 rideo.
758 3325 880 3405 grandis
895 3333 926 3387 et
940 3333 974 3387 ut
995 3326 1035 3385 ita
1057 3324 1151 3387 dicam
1175 3325 1283 3406 pudica
1305 3327 1399 3388 oratio
1421 3337 1436 3385 c

407 3527 545 3579 Adnoiaci
562 3527 683 3578 codicum
701 3529 910 3596 discrepantiam
927 3533 1078 3581 mernoratu
1095 3523 1290 3594 dignissimam.
1315 3533 1399 3597 scrip-

319 3599 391 3647 turis
410 3612 479 3663 quac
495 3598 526 3647 iro
544 3597 690 3663 arcaeaypo
707 3595 792 3658 fuisse
805 3597 946 3663 putandae
962 3602 1026 3648 suci
1036 3602 1085 3649 aut
1096 3599 1193 3663 quibus
1204 3614 1260 3650 nors
1276 3601 1400 3650 novimus

319 3669 489 3727 uetustiores,
507 3664 591 3714 aliam
608 3669 701 3716 nciam
718 3667 821 3717 nullam
839 3666 960 3733 adposui.
987 3668 1018 3717 iro
1035 3668 1074 3717 eis
1088 3666 1233 3733 particulis
1251 3683 1318 3733 quas
1334 3666 1356 3717 L
1373 3672 1399 3715 et

322 3734 344 3784 0
362 3748 515 3785 communes
533 3735 640 3798 babent,
658 3749 718 3784 cram
736 3734 860 3799 Scaliger
882 3737 1017 3799 ceterique
1038 3750 1126 3801 genas
1148 3735 1279 3786 librorum
1296 3741 1398 3785 utrum·
1425 3744 1427 3747 ·

321 3819 373 3870 que
391 3802 573 3867 adhibuerint,
589 3817 668 3868 sacpc
685 3806 734 3853 eia:
751 3803 866 3865 definias
882 3806 912 3853 irs
925 3804 947 3855 L
960 3804 1027 3868 quid
1037 3804 1169 3854 traditum
1180 3800 1268 3863 fucrit
1280 3806 1398 3869 antiqui·

320 3876 372 3924 tus.
408 3871 551 3921 inclinatis
569 3870 665 3921 litteris
682 3886 751 3936 quae
768 3872 905 3936 leguntur,
931 3872 1028 3923 derunt
1050 3874 1081 3923 iro
1099 3871 1243 3924 codicibus.
1278 3874 1400 3923 asterisci

320 3940 439 3991 lacunas
456 3939 581 3989 indicant
598 3939 691 4005 aliqua
710 3940 840 3991 librorum
859 3944 1023 3991 auctoritaie
1041 3944 1160 3992 testatas.

408 4010 439 4061 11
459 4005 514 4069 set]
534 4005 582 4073 etl!
597 4010 628 4061 tc
648 4009 710 4061 baec
729 4013 826 4060 tantum
846 4008 991 4061 nutriuntur
1013 4014 1141 4076 excerpta
1164 4007 1264 4060 codicis
1281 4009 1401 4060 Parisini

321 4077 370 4129 tar.
386 4074 517 4141 76471117
537 4090 638 4128 ornnem
662 4077 747 4130 codcoe
763 4076 929 4145 Bernsnsisll
942 4078 975 4130 20
994 4081 1073 4146 atque
1089 4078 1215 4128 Haimius
1231 4075 1241 4143 Ι
1258 4078 1291 4129 22
1309 4077 1399 4129 debili·

321 4149 423 4265 {sbverffit
432 4144 548 4276 Ιῖααείηὲ
560 4142 570 4210 l
583 4144 615 4198 23
628 4144 711 4197 solum
721 4161 775 4212 pro
787 4145 891 4213 quidem
901 4145 1058 4212 Sambueus,
1067 4149 1166 4198 tantum
1175 4145 1247 4197 alius
1256 4143 1293 4207 of.
1304 4146 1342 4198 ad
1350 4149 1381 4199 lb
1390 4144 1400 4214 ΙΙ

415 4228 447 4266 eo
475 4217 502 4264 ot
519 4212 526 4262 i
547 4227 578 4264 eo
