3417 4934
658 418 813 473 servunt

285 593 390 673 ecquid
405 592 540 654 Romano
555 592 649 654 sentis
663 601 692 652 te
707 591 841 671 pondere
855 592 973 668 victam,

282 696 337 739 nec
351 696 440 759 posse
454 677 580 740 ulterius
596 677 758 757 perituram
775 677 918 739 extollere
933 678 1065 741 molem?

281 764 343 844 ipsa
358 782 427 826 suas
442 763 519 825 vires
535 762 597 824 odit
611 761 744 824 Romana
757 762 895 825 iuventus
1277 836 1279 840 Ι
1313 800 1338 841 '.

281 860 310 910 et
324 868 399 929 quas
413 847 521 910 struxit
536 867 619 928 opes,
633 846 711 908 male
725 848 864 910 sustinet.
892 848 991 929 aspice
1007 849 1065 911 late
1203 862 1233 913 95

279 933 425 996 luxuriam
440 931 605 1013 spoliorum
621 942 652 995 et
665 951 790 995 censum
804 934 836 994 in
851 934 958 995 damna
972 935 1132 999 furentem.

281 1020 438 1082 aedificant
451 1036 526 1080 auro
541 1019 687 1097 sedesque
703 1017 740 1079 ad
755 1017 851 1080 sidera
868 1019 1001 1093 mittunt,

282 1104 475 1185 expelluntur
489 1121 584 1183 aquae
599 1103 686 1178 saxis,
702 1122 785 1165 mare
801 1104 1034 1179 nasciturorum,

282 1202 311 1252 et
325 1198 492 1270 permutata
507 1206 608 1250 rerum
624 1188 752 1250 statione
768 1188 924 1264 rebellant.

281 1295 319 1337 00
335 1274 425 1337 etiam
440 1292 505 1335 mea
520 1292 612 1355 regna
628 1284 745 1355 petunt
775 1276 908 1354 perfossa
923 1273 1048 1337 dehiscit
1203 1287 1233 1337 90

280 1360 410 1423 molibus
424 1358 539 1422 insanis
554 1359 652 1427 101100,
667 1359 725 1420 iam
741 1360 895 1422 montibus
909 1360 1023 1423 haustis

281 1454 366 1507 antra
381 1454 514 1526 gemunt,
532 1454 563 1506 et
578 1445 648 1508 dum
662 1463 756 1507 vanos
770 1445 846 1524 lapis
861 1445 975 1507 invenit
989 1464 1070 1519 usus,
1151 1480 1153 1484 Α

281 1531 393 1592 inferni
408 1548 511 1592 manes
526 1530 642 1592 caelum
657 1548 778 1610 sperare
792 1531 934 1592 latentur.

281 1635 373 1696 qnare
389 1634 453 1695 age,
467 1614 492 1676 F
493 1634 554 1689 ors,
568 1624 650 1677 muta
665 1624 803 1696 pacatum
818 1616 849 1677 in
866 1614 980 1696 proelia
994 1615 1108 1678 vultum
1181 1653 1183 1655 -

282 1701 493 1780 Romanosque
509 1702 554 1763 cie
570 1719 604 1762 ac
619 1701 731 1762 nostris
745 1702 780 1762 da
796 1702 905 1762 lunera
918 1702 1030 1780 regnis.
1204 1711 1235 1762 95

282 1788 339 1848 iam
355 1787 471 1867 pridem
488 1785 570 1848 nullo
585 1786 794 1866 perfundimus
809 1804 861 1847 ora
876 1804 994 1856 cruore,

283 1891 339 1933 nec
353 1890 420 1933 mea
435 1870 599 1952 Tisiphone
613 1872 741 1933 sitientis
756 1872 867 1952 perluit
881 1880 974 1944 artus,

284 1976 319 2019 ex
335 1976 396 2038 quo
412 1957 553 2019 Sullanus
568 1955 645 2018 bibit
658 1956 739 2018 ensis
754 1966 785 2017 et
798 1956 919 2018 borrida
934 1957 1022 2019 tellus

285 2042 389 2105 extulit
403 2043 434 2103 in
451 2041 549 2104 lucem
564 2042 692 2104 nutritas
707 2042 854 2121 sanguine
868 2040 1000 2120 fruges.''

325 2129 398 2189 baec
413 2126 467 2189 ubi
481 2128 559 2207 dicta
574 2127 663 2202 dedit,
679 2126 799 2189 dextrae
814 2127 999 2209 coniungere
1014 2127 1147 2189 dextram
1191 2138 1234 2189 100
1281 2114 1343 2184 121

284 2223 409 2275 conatus
424 2221 515 2292 rupto
529 2212 667 2274 tellurem
681 2211 767 2275 solvit
781 2213 874 2275 hiatu.

283 2306 356 2360 tunc
372 2297 505 2360 Fortuna
521 2297 577 2377 levi
592 2297 705 2360 defudit
720 2306 842 2378 pectore
857 2316 961 2360 voces:

283 2387 322 2445 “o
337 2383 466 2463 genitor,
482 2384 531 2445 cui
546 2381 646 2463 Cocyti
661 2383 824 2463 penetralia
840 2391 958 2463 parent,

284 2469 309 2530 si
324 2469 413 2530 modo
429 2487 497 2530 vera
512 2468 584 2530 mibi
600 2468 644 2530 las
659 2480 705 2529 est
717 2469 842 2548 impune
852 2468 976 2548 profari,

282 2563 349 2615 vota
363 2553 419 2615 tibi
434 2553 555 2627 cedent;
572 2571 629 2615 nec
643 2554 724 2615 enim
739 2554 839 2615 minor
854 2553 898 2614 ira
914 2552 1039 2615 rebellat
1192 2564 1236 2615 105

282 2647 405 2719 pectore
419 2638 451 2700 in
466 2640 525 2701 boc
538 2638 692 2718 leviorque
707 2640 805 2700 exurit
818 2638 935 2699 flamma
951 2638 1104 2702 medullas.

283 2724 393 2798 omnia,
410 2742 487 2804 quae
501 2722 593 2786 tribui
607 2723 750 2786 Romanis
765 2724 895 2798 arcibus,
911 2724 961 2785 odi

282 2808 521 2890 muneribusque
535 2809 611 2871 meis
625 2809 747 2871 irascor.
778 2807 913 2871 destruet
926 2808 998 2871 istas

283 2894 371 2969 idem,
388 2896 440 2979 qni
454 2895 564 2975 posuit,
580 2894 674 2957 moles
689 2895 772 2956 deus.
803 2904 833 2956 et
847 2894 921 2956 mibi
936 2893 1019 2956 cordi

284 2981 395 3061 quippe
411 2999 544 3043 cremare
558 2981 639 3042 viros
654 2988 684 3041 et
698 2980 846 3061 sanguine
862 2998 984 3061 pascere
999 2979 1112 3041 luxum.
1192 2992 1235 3043 110

283 3084 376 3128 cerno
392 3067 530 3146 equidem
545 3065 664 3145 gemina
678 3065 737 3127 iam
753 3074 863 3127 stratos
877 3076 974 3134 morte
989 3064 1145 3146 Pbilippos

283 3148 511 3231 Thessaliaeque
527 3169 618 3231 rogos
633 3159 663 3212 et
676 3151 783 3213 lunera
799 3151 897 3230 gentis
912 3149 1050 3212 Hiberae.

282 3236 340 3299 iam
356 3238 456 3316 fragor
470 3254 622 3298 armorum
636 3235 819 3316 trepidantes
834 3245 977 3315 personat
991 3253 1088 3299 aures.

282 3331 313 3383 01
327 3321 437 3403 Libyae
452 3339 545 3384 cerno
560 3331 621 3397 tua,
636 3320 712 3396 Nile,
727 3321 876 3401 gementia
892 3321 1018 3382 claustra

282 3407 479 3487 Actiacosque
492 3407 577 3475 sinus
593 3416 621 3469 et
636 3406 782 3487 Apollinis
796 3424 877 3467 arma
891 3406 1041 3468 timentes.
1193 3417 1237 3469 115

282 3493 389 3573 pande,
404 3510 468 3572 age,
483 3501 632 3555 terrarum
647 3490 777 3554 sitientia
792 3508 886 3570 regna
901 3501 1019 3553 tuarum

281 3585 371 3657 atque
386 3579 499 3640 animas
515 3595 635 3640 accerse
651 3595 753 3639 novas.
784 3578 831 3638 vix
845 3577 943 3638 navita
958 3576 1139 3639 Porthmeus

280 3663 411 3725 subiciet
425 3662 583 3726 simulacra
599 3662 696 3723 virum
710 3663 869 3724 traducere
884 3661 1008 3738 oumba;

281 3748 375 3810 classe
391 3766 467 3828 opus
483 3757 537 3813 est.
568 3756 662 3827 tuque
676 3747 793 3829 ingenti
808 3748 915 3810 satiare
930 3748 1028 3821 ruina,

280 3917 314 3968 92
331 3929 416 3967 vanus
434 3913 456 3965 0
472 3913 559 3966 varios
577 3912 620 3983 01
636 3929 710 3968 neum
730 3914 820 3983 0193
839 3914 964 3966 iubentur
980 3912 1099 3975 fortasse
1114 3913 1207 3980 0195
1220 3915 1276 3967 acie

235 3981 423 4103 elserblptaam
436 3982 446 4050 Ι
460 3982 510 4036 tuo
527 3981 643 4035 leviorve
661 3983 787 4035 Pithoeus
798 3983 808 4053 ΙΙ
824 3985 872 4037 1011
891 3985 931 4034 001
952 3981 1015 4033 mibi
1033 3981 1181 4034 samonem
1198 3980 1208 4051 {l
1227 3985 1275 4037 11⁰

235 4065 293 4104 nare
324 4050 379 4105 .F.
394 4050 547 4103 Gronooe'au
559 4049 569 4117 Ι
583 4055 629 4105 111
650 4051 753 4117 gemino
778 4059 805 4103 01
826 4050 909 4103 Marte
929 4049 1134 4117 00ηο0010001
1149 4052 1199 4105 113
1212 4056 1277 4118 port

235 4124 245 4174 1
263 4118 414 4174 collocabat
430 4118 611 4184 Sua-ingeras.
647 4134 700 4185 quo
723 4117 798 4182 fecto
824 4118 963 4185 iungenda
980 4116 1274 4191 111001000111οῃοε,

235 4203 272 4241 00
412 4208 415 4244 ε
1178 4239 1181 4251 .
