3417 4934
725 490 880 545 structu

208 665 264 719 Lu
418 681 547 743 namque
562 663 611 725 illa
625 672 705 725 metu
718 664 852 743 frigidior
866 665 983 743 rigente
997 665 1104 727 bruma

418 751 594 829 confugerat
608 749 640 810 in
654 749 768 811 viscem
783 750 863 811 mille
877 758 981 830 operta
996 751 1089 830 rugis.

416 835 456 897 ita
473 853 534 896 non
550 835 635 915 potui
649 834 795 915 supplicio
811 843 902 915 caput
916 835 1041 915 aperire,

417 920 470 982 sed
485 921 643 982 furciferae
657 920 812 982 mortifero
827 921 935 982 timore
948 920 1031 983 lusns

225 1012 241 1062 5
414 1005 452 1067 ad
465 1005 565 1081 verba,
580 1005 674 1086 magis
689 1023 765 1084 quae
780 1014 921 1086 poterant
935 1024 1055 1081 nocere,
1071 1006 1143 1086 fugi.

236 1110 239 1115 ·
347 1099 465 1153 erectus
487 1090 577 1171 igitur
597 1091 629 1152 in
651 1089 785 1153 cubitum
807 1090 863 1152 hac
884 1092 947 1152 fere
974 1091 1109 1153 oratione
1131 1101 1338 1156 contumacem
1359 1105 1376 1155 1.

260 1174 377 1236 vexavi:
400 1175 483 1256 ‘quid
504 1173 586 1238 dicis’
605 1176 728 1255 inquam
750 1176 895 1237 ‘omniunt
916 1176 1072 1239 hominum
1083 1177 1267 1258 deorumque
1282 1197 1339 1259 pu·

261 1257 337 1321 dor‘l
360 1280 431 1323 nam
453 1279 492 1322 ne
513 1260 669 1323 nominare
690 1260 811 1341 quidem
826 1270 855 1323 te
870 1261 950 1323 inter
969 1280 1018 1323 res
1032 1262 1124 1323 serias
1138 1262 1182 1325 fas
1197 1270 1251 1326 est
1280 1263 1338 1326 hoc
1361 1274 1390 1326 11

229 1344 298 1407 lde
311 1345 461 1422 temerui‚
482 1354 517 1407 nt
538 1363 586 1407 me
606 1346 638 1408 in
661 1347 744 1408 caelo
765 1347 895 1427 positum
918 1347 954 1407 ad
969 1346 1082 1408 inferos
1095 1346 1249 1410 traheres?
1276 1348 1280 1423 Ι
1306 1359 1339 1412 ut

210 1434 241 1490 11
259 1431 432 1493 traduceres
457 1449 555 1493 annos
581 1432 679 1512 primo
707 1430 850 1493 florentes
877 1431 977 1510 rigore
999 1441 1195 1512 senectaeque
1217 1433 1339 1497 ultimae

260 1516 333 1577 milri
347 1516 552 1579 lassitudinem
573 1514 767 1597 imponeres?
788 1525 918 1597 rogote,
940 1517 1011 1579 milri
1026 1516 1164 1598 apodixin
1180 1520 1338 1582 defuncto·

261 1600 335 1663 mam
350 1599 462 1664 redde?
491 1602 565 1664 haec
579 1610 614 1664 ut
627 1602 720 1664 iratus
735 1601 835 1677 effudi,
1360 1615 1388 1666 11

211 1688 257 1742 Lo
387 1688 393 1766 Ι
416 1687 466 1749 illa
480 1688 545 1749 solo
560 1688 636 1749 fixos
650 1688 755 1749 oculos
769 1705 871 1749 aversa
885 1686 1016 1762 tenebat,

414 1791 473 1835 nec
486 1772 580 1852 magis
594 1772 716 1853 incepto
731 1772 845 1835 vultum
860 1790 1001 1835 sermone
1015 1782 1152 1853 movetur

211 1860 240 1913 15
415 1875 504 1938 quam
519 1858 617 1920 lentae
630 1858 735 1920 salices
750 1858 862 1920 lassove
877 1876 1023 1938 papavera
1038 1859 1126 1921 collo.

347 1960 406 2003 nec
426 1942 527 2005 minus
549 1961 604 2021 ogo
619 1952 680 2005 tam
694 1944 781 2005 foeda
797 1943 1006 2023 obiurgatione
1027 1944 1110 2005 finita
1124 1944 1338 2023 paonitentiam
1361 1956 1388 2007 12

259 2044 349 2106 agere
364 2029 513 2090 sermonis
526 2028 584 2090 mei
599 2028 685 2109 coepi
700 2037 877 2109 secretoque
892 2027 1005 2090 rubore
1021 2028 1170 2109 perfundi,
1186 2031 1266 2109 quod
1281 2030 1337 2092 ob·

258 2111 329 2174 litus
342 2113 540 2175 verecundiae
554 2131 638 2175 meae
653 2132 722 2176 cum
737 2131 772 2175 ea
787 2123 873 2194 parte
893 2114 1029 2194 corporis
1043 2113 1133 2176 rerba
1148 2115 1337 2189 contulerim,

259 2215 349 2277 quam
364 2216 404 2259 ne
419 2198 454 2260 ad
476 2199 679 2278 cognitionem
700 2199 820 2279 quidem
835 2200 989 2261 admittere
1007 2199 1164 2262 severioris
1180 2208 1267 2263 notae
1282 2200 1337 2262 ho·

207 2288 237 2341 tt
257 2282 354 2345 mines
368 2284 510 2346 solerent.
539 2303 608 2346 mox
623 2284 782 2365 perfricata
803 2284 914 2347 diutius
934 2285 1034 2345 fronte
1054 2284 1136 2365 ‘quid
1151 2292 1250 2349 antem
1271 2284 1337 2366 ego'
1360 2297 1387 2348 ta

258 2368 382 2449 inquam
398 2369 476 2431 ‘mali
492 2369 558 2444 feci,
573 2370 598 2432 si
613 2370 748 2431 dolorem
760 2388 859 2431 meum
874 2369 997 2431 naturali
1009 2370 1145 2432 convicio
1156 2370 1337 2433 exonerari?

258 2462 310 2516 aut
324 2453 397 2535 quid
413 2455 551 2535 estquod
568 2452 599 2516 in
615 2473 742 2536 corpore
753 2455 886 2516 humano
897 2455 995 2516 ventri
1005 2455 1082 2516 male
1093 2454 1193 2517 dicere
1207 2457 1337 2519 solemus

258 2549 310 2601 ant
331 2538 420 2621 gulae
441 2539 591 2621 capitique
612 2540 708 2616 etiam,
738 2558 807 2601 cunr
829 2540 946 2619 saepius
968 2538 1069 2601 dolet?
1099 2538 1193 2619 quid?
1222 2560 1283 2603 non
1306 2553 1337 2604 et

225 2624 360 2687 tuixes
374 2644 443 2688 cnm
458 2625 548 2687 corde
561 2625 657 2705 litigat
670 2644 736 2700 suo,
755 2622 761 2709 l
781 2634 810 2686 et
825 2624 945 2705 quidam
956 2626 1061 2705 tragici
1072 2625 1176 2687 oculos
1186 2644 1258 2688 suos
1268 2635 1335 2689 tan·

209 2718 237 2769 25
257 2728 349 2791 quam
372 2711 526 2773 audientes
548 2708 716 2790 castigant?
745 2710 899 2791 podagrici
914 2709 1041 2790 pedibus
1055 2710 1117 2772 suis
1130 2711 1207 2773 malo
1222 2711 1335 2796 dicunt,
1357 2725 1385 2775 14

257 2795 416 2876 chiragrici
430 2796 577 2871 manibus,
592 2796 666 2877 lippi
681 2796 784 2869 oculis,
800 2804 831 2858 et
845 2796 897 2875 qui
911 2795 1104 2857 ‘offenderunt
1117 2797 1335 2878 saepedigitos,

256 2881 402 2963 quicquid
417 2880 529 2943 doloris
543 2881 664 2962 habent,
680 2882 711 2944 in
727 2882 817 2961 pedes
833 2881 987 2943 deferunt:

208 2971 252 3024 to
362 2965 460 3050 {quid
473 2984 522 3028 me
537 2968 697 3030 constricta
710 2967 852 3047 spectatis
866 2967 966 3028 fronte
980 2965 1108 3028 Catones
1357 2981 1386 3031 15

434 3050 641 3132 damnatisque
655 3070 750 3114 novae
764 3051 960 3132 simplicitatis
975 3049 1074 3131 opus?

206 3148 235 3199 11
388 3136 536 3200 sermonis
550 3138 619 3218 puri
634 3156 696 3199 non
711 3137 804 3199 tristis
818 3136 913 3216 gratia
929 3136 1014 3211 ridet,

432 3223 573 3303 qnodque
587 3222 658 3285 facit
672 3222 811 3303 populus,
827 3221 951 3283 candida
967 3222 1068 3301 lingna
1082 3222 1184 3283 refert.

386 3324 456 3369 nam
471 3307 539 3387 quis
553 3307 741 3382 concubitus,
759 3308 883 3369 Veneris
899 3308 966 3387 quis
980 3307 1085 3386 gaudia
1101 3306 1218 3369 nescit?

432 3392 499 3473 quis
513 3401 591 3455 vetat
604 3393 635 3454 in
650 3393 752 3474 tepido
767 3391 900 3454 membra
916 3392 1013 3453 calere
1027 3390 1117 3454 toro?

384 3475 449 3557 ipse
462 3486 548 3558 pater
562 3478 625 3540 reri
639 3478 745 3541 doctos
759 3477 909 3557 Epicurus
923 3495 1022 3539 amare

205 3575 232 3625 11
428 3562 515 3625 iussit
529 3571 559 3625 et
574 3565 631 3625 hoc
644 3564 734 3625 vitam
749 3563 822 3625 dixit
836 3563 946 3625 habere
960 3560 1063 3639 re'log'

788 3675 807 3709 ἢ

221 3741 244 3794 t
357 3729 363 3816 Ι
383 3732 469 3795 ‘nihil
483 3741 528 3795 cst
538 3696 694 3796 hominum
705 3734 806 3815 inepta
816 3733 1011 3814 persuasione
1023 3733 1125 3795 falsius
1136 3750 1193 3794 nec
1203 3733 1271 3793 ficta
1286 3750 1331 3793 se·
1354 3745 1383 3796 11

251 3817 376 3881 veritate
389 3816 530 3898 ineptius’

205 3999 263 4053 11·
358 3985 439 4069 {hac
449 3988 663 4051 declamatione
673 3927 873 4051 flnitaGilona
883 4006 957 4049 voco
969 3998 999 4050 et
1010 3986 1108 4049 ‘narra
1118 3984 1198 4048 mihi’
1208 3974 1400 4065 inquaml33

251 4073 366 4149 frater,
377 4073 431 4136 sed
442 4082 493 4137 tua
504 4075 576 4139 ilde:
588 4094 621 4137 ea
634 4081 733 4155 nocte,
746 4092 803 4153 qna
811 4082 841 4136 te
853 4072 925 4135 milri
933 4070 1223 4155 Ascyltossubduxit
1235 4089 1331 4151 usque

338 4173 562 4246 1011111111ιῶ
574 4191 585 4259 Ι
598 4192 630 4245 28
640 4191 764 4258 spectatis
774 4189 914 4243 constricta
925 4190 989 4241 libri
995 4190 1119 4257 plerique
1130 4189 1141 4257 l
1154 4190 1186 4243 33
1199 4191 1272 4256 petat
1278 4185 1333 4258 lif

250 4258 346 4314 doctna
363 4256 490 4329 Epicuros
507 4259 535 4313 in
552 4264 607 4313 arte
624 4260 810 4327 1111111131
828 4258 895 4311 lianc
911 4258 992 4311 111111
1010 4263 1037 4309 et
1053 4258 1117 4311 deos
1133 4259 1200 4309 11111
1210 4257 1333 4325 plerique

1138 4342 1172 4396 ’β
