3417 4934
366 458 428 518 104
830 455 985 512 rnrttortu

364 632 437 693 lium
465 630 596 712 exposui,
626 639 656 692 et
685 648 724 692 ne
752 630 862 693 diutius
890 630 983 693 tristis
1010 638 1097 705 esset,
1126 629 1256 691 iacturae
1270 630 1463 710 pensiosent
1511 649 1516 710 1

314 727 342 779 1e
364 733 500 779 anserem
516 715 621 778 obtuli.
651 712 765 800 queml
785 734 861 780 anus
882 725 916 778 ut
936 716 1016 791 vidit,
1038 724 1098 777 tam
1113 732 1257 796 magnum
1271 732 1369 795 aeque
1381 716 1474 780 ete-u
1511 734 1516 793 i

315 812 343 863 14
366 818 480 865 morem
495 800 623 877 sustulit,
645 809 680 863 ut
693 809 814 882 putares
829 802 939 863 iterum
953 816 1074 863 anseres
1095 800 1186 862 limen
1202 801 1343 863 intrasse.
1371 817 1435 865 cm-
1513 823 1516 860 t

365 889 450 949 fusus
464 886 563 966 itaque
578 894 608 948 et
624 886 753 949 novitate
767 886 909 949 facinoris
929 886 1074 948 attonitus
1094 884 1285 966 quaerebam,
1306 884 1381 967 quid
1393 905 1436 951 ex-
1483 927 1485 932 -

297 967 546 1048 137canduisset,
568 981 618 1034 aut
640 990 732 1052 quare
751 972 865 1034 anseris
879 972 979 1052 potius
997 988 1087 1050 quam
1109 970 1168 1033 mai
1182 972 1387 1035 misereretur.
1412 980 1462 1035 att

366 1057 415 1120 illa
430 1057 591 1137 complosis
606 1058 745 1119 manibus
760 1052 923 1119 ‘scelerate'
945 1056 1045 1137 inquit
1065 1057 1163 1118 ‘etiam
1178 1053 1334 1137 loqueris?
1350 1058 1437 1121 nescis

326 1152 341 1203 2
363 1160 452 1223 quem
468 1160 608 1221 magnum
624 1142 766 1221 flagitium
782 1142 951 1205 admiseris:
975 1142 1109 1203 occidisti
1124 1142 1225 1223 Priapi
1239 1141 1371 1217 delicias,
1391 1161 1437 1207 an·

364 1244 462 1290 sarem
477 1227 618 1290 omnibus
631 1228 776 1290 matronis
790 1228 1040 1308 acceptissimum.
1068 1226 1169 1308 itaque
1180 1245 1220 1289 ne
1230 1235 1261 1289 te
1272 1234 1362 1308 putes
1372 1227 1438 1291 nibil

325 1324 341 1375 3
363 1314 468 1395 egisse,
483 1312 509 1375 si
523 1313 714 1393 magistratus
727 1312 786 1374 hoc
800 1312 934 1394 scierim,
948 1311 1006 1375 ibis
1020 1312 1053 1374 in
1068 1329 1198 1376 crucem.
1228 1312 1363 1393 polluisti
1376 1331 1438 1378 san·

364 1399 456 1479 guine
476 1397 659 1461 domicilium
680 1416 780 1460 meum
802 1406 872 1460 ante
886 1397 968 1459 hunc
983 1396 1060 1460 diem
1082 1398 1267 1473 inviolatum,
1289 1398 1472 1481 fecistiquett

364 1492 398 1546 ut
413 1502 471 1565 me,
488 1484 622 1563 quisquis
636 1482 764 1545 voluerit
778 1482 927 1557 inimicus,
943 1483 1109 1546 sacerdotio
1125 1480 1226 1565 pellat*

899 1596 919 1630 {-

327 1669 342 1719 t
446 1650 451 1737 Ι
471 1649 565 1733 ‘rogo'
578 1653 702 1733 inquam
717 1654 790 1716 ‘noli
805 1653 950 1716 clamaret
972 1652 1098 1733 egotibi
1112 1670 1169 1734 pro
1183 1671 1293 1718 ansere
1308 1656 1464 1720 emutio-d

364 1741 509 1801 camelum
523 1735 653 1800 reddam'

894 1849 914 1884 {¹

326 1924 341 1973 a
448 1908 519 1969 dum
541 1907 615 1969 haec
636 1925 684 1968 me
706 1915 846 1987 stupente
869 1909 900 1970 in
923 1907 1033 1970 lectulo
1055 1908 1140 1970 sedet
1160 1910 1337 1991 anserisque
1352 1912 1438 1975 aun

363 1993 537 2074 complorat,
557 1992 678 2055 interim
695 1992 874 2055 Proselenos
895 2011 965 2055 cnm
986 1994 1121 2074 impensa
1144 1994 1282 2058 sacrificii
1297 1996 1390 2071 venit,
1402 1996 1475 2057 itu

363 2097 457 2159 seque
472 2096 578 2141 ansere
593 2077 693 2140 occiso
707 2077 854 2140 sciscitata
876 2096 996 2140 eausam
1018 2079 1155 2141 tristitiae
1178 2089 1208 2142 et
1226 2079 1291 2161 ipsa
1306 2082 1380 2145 llere
1392 2099 1438 2145 re·

363 2164 531 2228 hementius
546 2162 645 2244 coepit
660 2163 779 2243 meique
793 2162 937 2237 misereri,
958 2172 1100 2244 tanquam
1116 2174 1232 2245 patrem
1247 2184 1359 2244 meum,
1381 2183 1438 2229 non

326 2262 342 2312 6
363 2248 516 2331 publicum
539 2266 689 2333 anserem,
717 2246 902 2310 occidissem.
939 2248 1039 2329 itaque
1064 2250 1161 2313 teedio
1186 2250 1326 2332 fatigatus
1352 2248 1440 2335 ‘rogo’

363 2338 487 2414 inquam
500 2334 630 2415 ‘expiare
644 2351 751 2396 manus
764 2334 862 2413 pretio
876 2334 964 2397 liceat

363 2420 388 2483 si
411 2437 462 2481 vos
484 2437 705 2500 provocassem,
727 2419 815 2481 etiam
838 2419 864 2481 si
885 2419 1078 2482 homicidium
1093 2420 1240 2484 iecissem.
1274 2441 1347 2486 ecce
1369 2424 1477 2487 dnostt

327 2520 342 2569 t
364 2522 471 2567 aureos
485 2524 578 2586 pono,
600 2505 680 2567 unde
702 2504 822 2585 possitis
844 2513 874 2567 et
889 2504 961 2568 deos
984 2514 1014 2567 et
1028 2522 1151 2569 anseres
1171 2504 1292 2570 emere!
1320 2516 1441 2589 quosut

363 2591 436 2653 vidit
457 2590 621 2666 Oenothea,
644 2588 787 2670 ‘ignosce'
812 2590 912 2670 inquit
931 2589 1132 2665 adulescens,
1158 2591 1283 2655 sollicita
1305 2612 1373 2657 sum
1394 2603 1442 2658 tm

327 2689 342 2741 8
364 2694 462 2741 causa.
492 2677 601 2739 amoris
624 2683 669 2738 est
691 2676 749 2738 hoe
777 2686 998 2756 argumentum,
1028 2694 1091 2738 non
1113 2676 1315 2759 malignitatis.
1345 2680 1442 2761 itaque

364 2762 499 2824 dabimus
513 2780 646 2843 operam,
661 2780 700 2824 ne
715 2760 783 2841 quis
797 2762 880 2823 sciat.
910 2771 943 2824 tu
964 2760 1054 2823 modo
1069 2762 1141 2824 deos
1156 2780 1238 2843 roga,
1260 2773 1295 2827 ut
1308 2764 1352 2828 illi
1366 2767 1443 2830 lacto

364 2855 416 2909 tuo
432 2844 609 2926 ignoscant!

327 2942 342 2994 9
445 2929 605 3016 lquisquis
619 2930 709 2993 habet
723 2947 872 3006 nummos,
887 2947 993 2992 secura
1008 2931 1126 3013 naviget
1140 2949 1211 2994 aura
1454 2921 1516 3004 tol

491 3019 703 3096 fortunamque
718 3034 772 3078 suo
787 3022 936 3096 temperat
949 3015 1083 3077 arbitrio.

449 3120 573 3164 uxorem
589 3102 678 3164 ducat
693 3101 814 3163 Danaen
830 3101 989 3181 ipsumque
1003 3099 1105 3163 licebit

493 3186 639 3249 Acrisium
655 3185 756 3248 iubeat
769 3185 894 3248 credere
909 3184 989 3266 quod
1004 3185 1137 3250 benaen.

450 3272 582 3334 carmina
597 3279 767 3353 componat,
782 3271 936 3346 declamet,
951 3280 1115 3353 concrepet
1130 3290 1235 3336 omnes

493 3366 524 3419 et
537 3365 661 3439 peragat
677 3375 780 3420 causas
795 3357 894 3437 sitque
910 3356 1022 3419 Catone
1037 3357 1131 3437 prior.

450 3442 681 3505 iurisconsultus
696 3449 817 3524 ‘parret
832 3460 895 3505 non
912 3440 1023 3522 parret'
1038 3442 1147 3505 habeto

493 3536 583 3608 atque
596 3535 661 3591 esto
676 3528 818 3609 quicquid
834 3527 955 3590 Servius
970 3535 1000 3590 et
1015 3526 1125 3591 Labeo.

451 3611 543 3674 multa
557 3612 686 3692 loquor:
702 3614 782 3694 quod
797 3613 850 3689 vis,
867 3613 998 3676 nummis
1012 3613 1220 3695 praesentibus
1234 3624 1315 3697 opta,

408 3706 437 3759 lt)
494 3708 524 3760 at
538 3698 645 3760 veniet.
676 3699 809 3761 clausum
824 3698 957 3779 possidet
970 3716 1039 3762 arca
1053 3698 1153 3762 lovem
1463 3708 1488 3760 tt

897 3810 916 3844 ff

314 3883 343 3935 tu
447 3861 548 3950 linire
569 3886 677 3930 manus
699 3886 779 3931 meas
801 3869 957 3931 camellam
975 3869 1038 3931 vini
1059 3868 1169 3949 posuit,
1192 3878 1312 3931 etcum
1333 3870 1478 3952 digitost

436 4023 447 4072 l
467 4019 645 4087 pensationen
668 4020 829 4085 scripeerom
842 4021 882 4087 l²
899 4019 962 4072 Cum
980 4017 1075 4087 protnll
1099 4032 1225 4084 anserem,
1248 4035 1314 4074 enne
1335 4024 1366 4074 nt
1382 4021 1448 4075 vidit

367 4087 387 4139 0
401 4086 407 4154 Ι
421 4101 489 4156 eque
505 4087 678 4139 manutenet
695 4101 830 4156 aeremque
842 4088 1009 4141 Comelteeen
1022 4086 1033 4154 l
1045 4087 1062 4139 6
1073 4092 1100 4139 et
1107 4086 1244 4156 loquerisl
1257 4090 1274 4142 9
1285 4088 1375 4144 ederit
1386 4090 1451 4143 aare

361 4155 485 4221 plerique
497 4155 508 4221 ll
522 4158 553 4210 19
565 4155 627 4208 licet
639 4155 649 4223 l
662 4158 693 4210 21
707 4159 734 4208 et
746 4154 812 4209 duos
823 4170 928 4210 anmres
936 4156 970 4209 Se
1028 4156 1149 4223 moncel
1162 4158 1196 4209 tt
1205 4157 1311 4224 naviget
1319 4156 1330 4227 ll
1338 4160 1371 4212 ti
1384 4164 1450 4213 te·-

365 4227 438 4292 peret
456 4224 521 4276 libri
537 4227 647 4291 eccepto
665 4224 797 4278 Bememt
808 4224 818 4292 11
831 4226 867 4278 34
883 4223 988 4294 qnldrie
1026 4224 1070 4275 bri
1084 4221 1208 4290 plerique
