3417 4934
773 474 929 529 servule
1351 475 1390 533 13

275 664 292 715 t
308 665 338 720 et
353 653 507 721 sordidam
522 659 626 715 tenere
641 650 794 732 coepimus
808 649 942 711 tunicam
957 656 1046 731 atque
1065 650 1166 711 eadem
1189 648 1297 711 invidia
1319 669 1390 731 pro-

308 743 448 815 clamare,
471 748 575 801 nostra
591 756 655 799 esse
670 736 764 816 spolia
781 753 856 816 quae
871 735 912 797 illi
927 734 1125 815 possiderent.
1169 733 1221 797 sed
1237 736 1320 797 nullo
1336 754 1387 815 ge·
1409 748 1424 796 ι

309 846 383 891 nere
407 843 462 907 par
485 832 548 886 erat
570 841 668 897 causa,
692 817 785 969 [nam]
809 830 838 883 et
861 821 1000 883 cociones
1023 822 1074 901 qui
1089 821 1125 883 ad
1141 821 1301 883 clamorem
1317 841 1390 884 oon·

310 916 468 987 duxerant,
492 917 625 972 nostram
640 908 753 972 scillcet
788 926 804 968 e
819 925 904 969 more
919 907 1056 969 ridebant
1070 907 1219 981 invidiam,
1239 909 1318 987 quod
1334 927 1390 989 pro

282 1010 294 1059 ι
310 999 358 1063 illa
371 1007 458 1082 parte
472 994 666 1059 vindicabant
679 994 923 1075 pretiosissimam
938 1001 1060 1075 restem,
1076 1011 1131 1073 pro
1144 994 1199 1055 bac
1211 995 1389 1074 pannuciam

313 1104 348 1148 ne
363 1082 547 1148 centonibus
569 1080 688 1161 quidem
704 1080 793 1143 bonis
808 1079 937 1159 dignam.
968 1079 1039 1141 binc
1054 1079 1188 1160 Ascyltos
1203 1079 1281 1141 bene
1295 1080 1388 1142 risum
1411 1089 1426 1139 8

314 1169 461 1244 discussit,
485 1168 536 1248 qui
551 1167 670 1230 silentio
693 1167 771 1228 iacto
788 1164 939 1228 ‘ridemus’
963 1165 1060 1244 inquit
1082 1169 1174 1227 ‘suam
1197 1166 1305 1245 cuique
1326 1185 1390 1228 rem
1418 1160 1459 1229 15

259 1279 261 1286 ·
315 1275 375 1320 esse
405 1255 606 1329 carissimam3
632 1251 758 1314 reddant
784 1250 872 1312 nobis
897 1251 1030 1313 tunicam
1058 1259 1189 1313 nostram
1214 1260 1245 1313 et
1269 1252 1390 1332 pallium

315 1361 396 1405 mum
419 1337 589 1420 recipiant?
631 1337 686 1401 etsi
709 1337 821 1400 rustico
845 1336 1022 1417 mulierique
1043 1336 1180 1418 placebat
1201 1339 1390 1417 permutatio,
1412 1347 1426 1397 2

279 1437 300 1488 tt
316 1428 443 1492 advocati
454 1435 555 1488 tamen
566 1424 624 1486 iam
637 1442 752 1506 poenae
764 1423 917 1498 nocturni,
925 1423 976 1502 qui
985 1422 1124 1485 volebant
1135 1423 1255 1503 pallium
1264 1423 1340 1485 lucri
1349 1425 1392 1485 la·

317 1533 387 1591 cere,
404 1511 581 1593 flagitabant
595 1510 637 1572 uti
653 1509 730 1592 apud
747 1528 780 1571 se
791 1517 919 1588 utraque
930 1511 1154 1589 deponerentur
1165 1526 1199 1570 ac
1211 1520 1332 1592 postero
1344 1510 1391 1572 die

317 1599 396 1662 iudex
413 1597 578 1679 querellam
593 1596 765 1676 inspiceret.
797 1614 895 1675 neque
911 1596 991 1657 enim
1006 1612 1056 1658 res
1071 1603 1197 1671 tantum,
1220 1612 1296 1675 quae
1310 1595 1390 1657 vide·
1412 1605 1427 1654 3

317 1692 416 1749 rentur
440 1684 471 1746 in
495 1682 729 1745 controversiam
745 1699 819 1779 esse,
839 1681 892 1743 sed
914 1681 1004 1761 longe
1027 1680 1106 1743 aliud
1128 1681 1240 1760 quaeri,
1262 1682 1338 1763 quod
1360 1682 1390 1743 in

318 1779 438 1852 utraque
453 1777 538 1851 parte
553 1767 667 1830 scilicet
677 1767 827 1829 latrocimi
839 1767 969 1847 suspicio
982 1766 1152 1829 baberetur.
1175 1768 1232 1829 iam
1244 1768 1391 1847 sequestri
1413 1775 1428 1825 t

283 1862 302 1913 lt
317 1856 477 1938 placebant,
499 1863 530 1916 et
551 1853 653 1916 nescio
677 1854 743 1933 quis
759 1871 795 1913 ex
810 1852 997 1928 cocionibus,
1022 1853 1129 1928 calvus,
1152 1853 1393 1916 tuberosissimae

316 1942 428 2017 bootis,
452 1940 504 2021 qui
519 1938 635 2003 solebat
648 1938 807 2019 aliquando
824 1938 912 1999 etiam
927 1957 1030 2002 causas
1045 1957 1153 2020 agere,
1167 1941 1313 2001 invaserat
1328 1940 1391 2020 pal·

315 2027 382 2091 lum
398 2026 661 2105 exhibiturumque
676 2025 806 2087 crastino
822 2023 870 2085 die
892 2025 1067 2090 affirmabat
1112 2033 1244 2086 ceterum
1266 2044 1390 2107 appare·
1413 2036 1428 2083 5

315 2113 359 2176 bat
375 2112 450 2175 nibil
465 2110 544 2173 aliud
568 2111 671 2190 quaeri
697 2111 752 2174 nisi
774 2121 809 2172 ut
823 2110 916 2172 semel
938 2111 1073 2192 deposita
1092 2112 1181 2173 vestis
1202 2112 1283 2174 inter
1304 2130 1392 2193 prae·

313 2200 405 2262 dones
426 2196 665 2277 strangularetur
689 2205 718 2258 et
740 2215 796 2259 nos
819 2205 901 2258 metu
924 2197 1058 2259 criminis
1081 2216 1143 2258 non
1159 2198 1330 2260 veniremus
1356 2199 1392 2259 ad

276 2290 297 2340 tl
312 2284 515 2348 constitutum.

394 2402 472 2467 idem
485 2404 573 2485 plane
589 2411 618 2463 et
633 2421 689 2463 nos
703 2401 886 2463 volebamus.
909 2400 1009 2481 itaque
1020 2402 1176 2482 utriusque
1186 2404 1279 2484 partis
1290 2414 1390 2467 votum
1412 2412 1427 2461 6

310 2510 396 2554 casus
408 2489 526 2551 adiuvit
548 2488 719 2565 indignatus
731 2487 811 2548 enim
824 2487 962 2563 rusticus,
976 2488 1056 2567 quod
1068 2509 1124 2551 nos
1135 2498 1295 2552 centonem
1308 2491 1389 2554 exhi·
1412 2499 1426 2548 t

310 2577 445 2639 bendum
460 2574 687 2656 postularemus,
710 2572 790 2635 misit
811 2573 842 2634 in
866 2573 971 2634 faciem
986 2574 1096 2656 Ascylti
1112 2576 1243 2636 tunicam
1266 2586 1296 2639 et
1317 2576 1390 2638 libe-

309 2672 390 2724 ratos
406 2658 538 2741 querella
553 2659 639 2722 iussit
653 2657 776 2740 pallium
791 2657 954 2736 deponere,
971 2660 1050 2738 quod
1065 2660 1162 2722 solum
1175 2659 1255 2721 litem
1266 2661 1393 2724 iaciebat

841 2766 859 2802 sa

266 2840 290 2891 tt
394 2838 425 2893 et
438 2838 627 2910 recuperato,
644 2840 677 2891 ut
691 2829 880 2910 putabamus,
895 2829 1034 2892 tbesauro
1044 2830 1075 2891 in
1089 2829 1290 2893 deversorium
1303 2849 1389 2913 prae·
1412 2841 1427 2893 8

310 2916 415 2998 cipitcs
437 2915 554 2979 abimus
575 2915 798 2996 praeclusisque
812 2916 929 2978 loribus
944 2916 1042 2978 ridere
1057 2934 1182 2979 acumen
1208 2937 1269 2979 non
1292 2919 1392 2983 minus

310 3003 472 3066 cocionum
494 3020 583 3081 quam
606 3000 853 3063 calumniantium
875 3002 1041 3082 coepimus,
1064 3003 1145 3081 quod
1167 3002 1255 3066 nobis
1276 3004 1391 3086 ingenti

310 3087 469 3151 calliditate
485 3087 643 3170 pecuniam
659 3087 868 3149 reddidissent.

517 3172 589 3235 nolo
604 3172 686 3252 quod
701 3173 803 3254 cupio,
818 3173 918 3235 statim
933 3180 1047 3249 tenere,
1411 3184 1427 3234 9

262 3269 288 3319 eo
517 3276 575 3320 nec
590 3258 714 3322 victoria
728 3259 769 3320 mi
784 3259 882 3341 placet
896 3265 998 3341 parata

840 3366 857 3403 dt

263 3443 303 3495 co
393 3422 471 3513 lsed
492 3436 526 3491 ut
546 3428 677 3509 primum
700 3430 847 3494 beneficio
871 3402 988 3492 Gitonis
1010 3437 1185 3511 praeparata
1208 3450 1264 3494 nos
1285 3432 1391 3515 imple·
1415 3427 1457 3497 ld

308 3513 408 3578 rimus
423 3532 508 3590 cena,
525 3515 633 3577 ostium
649 3535 710 3577 non
727 3517 797 3580 satis
813 3517 916 3579 audaci
931 3516 1060 3596 strepitu
1071 3516 1211 3580 exsonuit
1221 3518 1391 3599 impulsum.

397 3669 466 3714 cum
482 3659 512 3713 et
526 3651 582 3732 ipsi
599 3671 670 3733 ergo
686 3653 786 3735 pallidi
797 3671 982 3735 rogaremus,
998 3653 1064 3733 quis
1075 3661 1162 3730 esset,
1178 3653 1279 3736 ‘aperi’
1290 3656 1389 3736 inquit
1410 3668 1424 3717 2

307 3737 378 3799 ‘iam
400 3734 497 3800 scies’.
535 3739 667 3818 dumque
683 3739 843 3818 loquimur,
866 3759 932 3802 sera
947 3759 999 3803 sua
1015 3748 1123 3821 sponte
1143 3739 1262 3822 delapsa
1284 3742 1392 3804 cecidit

263 3836 288 3886 aa
306 3822 504 3903 reclusaeque
526 3823 625 3887 subito
648 3825 728 3887 iores
748 3826 934 3889 admiserunt
954 3827 1125 3889 intrantem.
1162 3828 1269 3889 mulier
1290 3835 1389 3890 autem
1410 3839 1425 3889 3

397 3993 492 4058 duam]
503 3993 783 4047 nostrel'omaeeiaco
797 3993 803 4063 Ι
818 3994 957 4048 conciones
969 4011 1049 4065 qnae:
1058 3992 1206 4055 itaminsra
1220 3998 1251 4049 15
1261 3996 1392 4050 concioni·

307 4061 360 4113 bus
377 4066 404 4113 et
421 4063 454 4115 27
473 4063 627 4116 concionum
639 4063 650 4131 l
662 4067 679 4117 4
690 4066 866 4131 expectabam
877 4078 925 4116 uos
937 4078 958 4117 s.
972 4066 997 4119 d.
1011 4080 1045 4120 ιιι.
1058 4063 1184 4127 ridebant,
1203 4064 1273 4133 quod
1290 4080 1316 4131 p.
1334 4066 1352 4119 i.
1363 4082 1390 4134 p.

308 4128 436 4183 vindicari
454 4130 580 4184 videbant
591 4130 602 4201 1
615 4134 708 4201 dpene
722 4135 728 4202 Ι
742 4131 823 4185 rixam
835 4132 972 4185 lacobetue
984 4133 994 4201 Ι
1008 4137 1022 4187 'l
1035 4132 1169 4185 videamus
1181 4133 1192 4201 Ι
1205 4136 1237 4187 10
1250 4148 1317 4200 pene
1329 4150 1392 4188 noc-

308 4198 380 4251 turni
392 4196 430 4262 es.
442 4203 529 4252 mmet
539 4201 656 4253 rumano·
665 4199 698 4255 t?
712 4217 740 4270 p.
753 4200 801 4255 ldd
823 4201 833 4268 ΙΙ
861 4203 892 4255 ts
904 4201 931 4252 ln
940 4206 997 4255 utra
1009 4206 1083 4271 parte
1094 4200 1216 4271 Dantalfl
1230 4202 1263 4256 32
1274 4199 1392 4265 sortasse

309 4266 408 4321 eadum
426 4273 542 4323 nocuum
557 4267 563 4337 Ι
578 4270 698 4326 exsonuit
710 4285 764 4338 pro
782 4269 869 4326 sonuit
886 4271 1023 4324 motatum
1035 4270 1046 4341 Ι
1057 4272 1091 4324 35
1108 4270 1284 4341 remissaeqne
1303 4271 1324 4323 0
