3417 4934
384 464 425 521 42
845 459 999 514 Phthouri

1504 557 1507 592 r

326 634 371 703 63
466 634 600 698 attonitis
621 634 816 698 admiratione
837 634 985 697 universis
1006 632 1105 696 ‘salvo’
1119 633 1218 713 inquit
1233 638 1295 696 ‘tuo
1311 633 1492 696 sormone'll

379 720 560 784 Trimalchio
575 722 611 784 ‘si
626 740 685 801 qua
699 721 773 784 tides
787 728 841 797 est,
861 731 895 782 ut
909 720 981 781 mibi
996 719 1048 802 pili
1065 720 1290 795 inhorruerunt,
1314 719 1383 799 quia
1400 719 1460 783 scio

341 821 355 871 2
378 808 557 870 Niceronem
581 806 656 869 nihil
679 825 826 887 nugarum
850 824 990 870 narrare:
1012 806 1102 867 immo
1119 813 1220 867 certus
1235 815 1280 867 est
1295 814 1325 866 et
1340 806 1461 868 minime

379 892 544 975 linguosus.
575 911 644 954 nam
667 892 782 973 etipse
805 892 889 954 vobis
911 910 974 953 rem
997 890 1173 953 horribilem
1193 891 1339 953 narrabo:
1361 891 1462 954 asinus

341 979 409 1041 ein
432 978 550 1059 tegulis.
594 996 663 1040 cum
687 978 782 1040 adbuc
805 978 960 1057 capillatus
982 996 1094 1052 essem,
1124 995 1191 1037 narn
1216 996 1232 1039 a
1254 995 1352 1058 puero
1373 978 1492 1039 vitant

381 1064 482 1126 Chiam
497 1064 586 1145 gessi,
602 1063 700 1143 ipsimi
717 1063 812 1125 nostri
828 1062 972 1125 delicatus
987 1062 1123 1136 decessit,
1146 1062 1333 1125 mehercules
1349 1080 1463 1143 marga·

341 1161 356 1211 4
378 1150 478 1223 ritum,
502 1149 632 1211 caccitus
654 1156 684 1211 ct
706 1148 840 1211 omnium
864 1167 1031 1214 numerum.
1079 1165 1146 1209 cum
1171 1166 1242 1226 ergo
1264 1147 1349 1210 illum
1372 1158 1465 1211 mater

380 1235 492 1298 misella
508 1235 664 1315 plangeret
679 1244 709 1296 et
723 1253 779 1297 noa
794 1244 859 1296 tum
875 1234 977 1315 plures
992 1234 1023 1295 in
1040 1233 1220 1296 tristimonio
1236 1251 1378 1311 essemus,
1394 1232 1464 1297 sub-

380 1321 421 1383 ito
444 1320 553 1399 strigae
568 1320 689 1383 vtridm
704 1328 890 1400 coeperunt;
906 1329 1027 1401 putares
1043 1338 1148 1382 canem
1162 1318 1295 1399 leporem
1312 1320 1464 1399 persequi.

342 1417 358 1468 o
378 1405 561 1468 habebamus
580 1414 654 1468 tunc
670 1405 822 1467 bominem
840 1403 1056 1486 Cappadocem,
1078 1405 1212 1485 longum,
1236 1404 1317 1467 valde
1334 1406 1464 1468 audacu-
1483 1412 1506 1463 tt

342 1503 357 1552 6
378 1492 440 1553 lum
463 1501 494 1553 et
516 1492 567 1571 qui
582 1490 712 1553 valebat:
736 1499 854 1570 poterat
870 1489 974 1552 bovem
989 1491 1098 1552 iratum
1115 1490 1230 1551 tollere.
1259 1490 1307 1551 hic
1324 1492 1466 1554 audacter

379 1577 482 1640 stricto
504 1576 603 1658 gladio
626 1585 706 1638 extra
729 1576 837 1638 ostium
862 1576 1067 1655 procucurrit,
1090 1576 1222 1638 involuta
1238 1576 1358 1638 sinistra
1373 1595 1465 1639 manu

380 1663 507 1737 curiose,
524 1671 554 1724 et
568 1661 724 1727 mulierem
741 1670 883 1742 tanquam
898 1663 955 1724 hoc
970 1661 1037 1722 loco
1053 1662 1220 1722 —salvum
1237 1661 1284 1734 sit,
1300 1664 1381 1741 quod
1397 1673 1463 1727 tan·

380 1767 418 1827 go
433 1783 476 1792 —
487 1746 614 1809 mediam
630 1747 753 1809 traiecit.
781 1747 918 1809 audimus
933 1747 1086 1827 gemitum,
1102 1755 1133 1809 et
1143 1782 1187 1791 —
1198 1748 1286 1828 plane
1304 1767 1365 1810 non
1378 1769 1465 1813 mon·

342 1847 357 1896 t
379 1834 572 1914 tiar-ipsas
585 1851 646 1894 non
660 1832 797 1895 vidimus.
813 1832 885 1895 baro
897 1842 996 1895 autem
1009 1842 1113 1894 noster
1123 1832 1308 1895 introversus
1318 1852 1351 1896 se
1361 1837 1464 1916 proic-
1484 1839 1508 1889 1⁵

381 1919 421 1980 cit
443 1918 474 1980 in
497 1918 621 1992 lectum,
645 1927 675 1979 et
697 1937 807 1999 corpus
829 1926 926 1981 totum
944 1917 1065 1981 lividum
1088 1917 1215 1979 babebat
1237 1919 1321 1998 quasi
1340 1920 1465 2001 flagellis

343 2015 358 2066 8
380 2022 499 2077 caesus,
516 2004 585 2084 quia
600 2004 712 2066 scilicet
728 2005 810 2065 illum
825 2004 964 2084 tetigerat
978 2004 1054 2065 mala
1069 2021 1185 2065 manus.
1217 2023 1272 2065 nos
1287 2003 1372 2067 cluso
1387 2008 1463 2070 ostio

381 2090 512 2152 redimus
527 2089 635 2151 iterum
658 2090 693 2151 ad
710 2090 857 2164 ofllcium,
880 2090 930 2151 sed
954 2090 1024 2151 dum
1045 2098 1141 2150 mater
1155 2090 1337 2169 amplexaret
1352 2110 1464 2173 corpus

382 2175 434 2237 dlii
449 2175 512 2250 sui,
534 2175 679 2255 tangitet
693 2175 773 2237 videt
786 2175 989 2237 manuciolum
1011 2177 1048 2236 de
1063 2175 1233 2237 stramentis
1247 2175 1369 2238 lactum.
1400 2198 1462 2241 non

382 2279 435 2322 cor
447 2259 586 2335 habebat,
606 2279 668 2322 non
685 2260 836 2333 intestina,
858 2280 918 2322 nou
935 2261 1109 2340 quicquam:
1133 2260 1247 2322 scilicet
1261 2261 1318 2321 iam
1334 2281 1463 2344 puerum
1484 2276 1508 2328 u

381 2346 489 2427 strigae
507 2346 709 2421 involaverant
730 2356 760 2408 et
782 2355 1004 2427 supposuerant
1026 2346 1263 2408 stramenticium
1280 2358 1464 2412 vavatonem.

344 2446 359 2497 9
380 2451 455 2514 rogo
471 2451 532 2507 vos,
548 2440 667 2512 oportet
682 2432 819 2508 credatis,
835 2440 907 2494 sunt
921 2432 1062 2493 mulieres
1078 2431 1233 2512 plussciae‚
1249 2441 1321 2494 sunt
1334 2433 1465 2498 Noctur-

331 2532 359 2583 10
381 2537 447 2594 nae,
471 2526 501 2580 ct
523 2517 601 2597 quod
622 2537 741 2581 sursum
761 2527 815 2593 est,
837 2517 978 2580 deorsum
1001 2518 1124 2578 iaciunt.
1162 2526 1295 2579 ceterum
1318 2519 1393 2582 baro
1417 2521 1465 2584 ille

382 2604 491 2686 longus
514 2603 661 2683 posthoc
683 2604 794 2666 lactum
816 2622 971 2684 nunquam
989 2603 1098 2665 coloris
1119 2602 1165 2665 sui
1188 2603 1260 2679 luit,
1283 2604 1376 2668 immo
1396 2616 1467 2688 post

381 2708 494 2772 paucos
508 2690 571 2752 dies
586 2690 780 2771 phreneticus
795 2689 904 2770 periit'.
1485 2704 1508 2755 u

333 2775 377 2845 64
470 2776 614 2838 miramur
629 2795 684 2839 nos
703 2786 733 2838 et
753 2777 866 2856 pariter
880 2775 1039 2850 credimus,
1062 2774 1246 2853 osculatique
1263 2793 1399 2840 mensam
1415 2796 1465 2840 ro-

383 2879 487 2939 gamus
502 2862 678 2936 Nocturnas,
696 2871 730 2923 ut
743 2861 806 2923 suis
820 2879 852 2923 se
868 2869 1003 2935 teneant,
1016 2860 1087 2922 dum
1102 2859 1234 2922 redimus
1250 2878 1267 2921 a
1282 2880 1367 2924 cena.

346 3045 360 3095 2
469 3041 499 3093 et
513 3049 585 3093 sanc
601 3031 659 3092 iam
675 3030 816 3092 lucernae
832 3029 904 3092 mihi
920 3030 1022 3111 plures
1037 3029 1213 3092 videbantur
1228 3031 1334 3093 ardere
1351 3043 1466 3097 totum·

384 3135 442 3198 que
463 3116 627 3178 triclinium
646 3134 712 3178 esse
733 3126 892 3190 mutatum,
916 3135 985 3178 cum
999 3116 1178 3178 Trimalchio
1194 3115 1258 3178 ‘tibi
1273 3117 1351 3179 dico'
1366 3120 1467 3201 iuquit
1486 3132 1508 3183 tt

384 3201 542 3277 ‘Plocame‚
563 3201 637 3263 nihil
654 3198 779 3263 narras?
806 3201 881 3264 nihil
896 3220 951 3263 nos
966 3200 1144 3264 delectaris?
1170 3210 1200 3263 et
1214 3202 1331 3265 solebas
1345 3207 1466 3268 suavius
1500 3209 1503 3213 ’

346 3299 361 3348 s
383 3306 458 3361 csse,
473 3288 625 3350 canturire
640 3286 717 3349 belle
732 3286 879 3360 deverbia‚
894 3286 1011 3350 adicere
1028 3288 1175 3353 melicum.
1202 3288 1261 3349 heu
1276 3287 1345 3364 heu,
1362 3290 1466 3354 abistis

367 3373 479 3443 ¹drdcis
494 3372 628 3434 caricae'.
658 3372 735 3433 ‘iam’
751 3372 850 3452 inquit
864 3373 913 3435 ille
928 3372 1099 3453 ‘quadrigae
1118 3391 1201 3435 meac
1217 3374 1466 3453 decucurrerunt,

385 3478 422 3521 ex
436 3477 496 3539 quo
512 3458 691 3539 podagricus
710 3459 806 3521 lactus
827 3478 903 3521 sum.
936 3459 1067 3539 alioquin
1089 3477 1157 3521 cum
1177 3478 1272 3521 essem
1287 3460 1465 3525 adulescen-

346 3556 362 3605 4
383 3545 472 3620 trdus,
488 3543 635 3606 cantando
651 3562 747 3625 paene
762 3544 865 3607 tisicus
879 3545 976 3606 lactus
990 3563 1066 3606 sum.
1094 3544 1164 3624 quid
1177 3544 1303 3606 saltare‘l
1323 3548 1394 3627 quid
1410 3548 1463 3611 de·
1485 3559 1508 3611 u

382 3627 505 3693 verbia?
528 3629 600 3708 quid
612 3627 818 3691 tonstrinum?
841 3630 961 3710 quando
974 3649 1075 3711 parem
1087 3630 1177 3692 habui
1193 3630 1251 3692 nisi
1266 3650 1361 3693 unum
1373 3633 1464 3713 hpcl-

346 3727 361 3776 o
383 3712 502 3779 leteml’
524 3715 720 3796 appositaque
736 3716 771 3776 ad
788 3735 821 3777 os
836 3734 927 3778 manu
943 3717 1045 3779 nescio
1062 3717 1132 3796 quid
1145 3724 1272 3778 taetrum
1288 3717 1465 3796 exsibilavit,

311 3808 314 3813 '
384 3803 464 3883 quod
479 3809 583 3882 postea
599 3800 744 3862 Graecum
761 3820 825 3864 esse
841 3802 1015 3864 affirmabat.

470 3957 488 4007 4
503 3953 554 4006 iarn
566 3954 701 4005 lacobsiua
713 3950 722 4021 ΙΙ
737 3954 753 4004 6
765 3952 827 4020 ipim
840 3954 930 4005 mostri
944 3954 954 4021 Ι
968 3957 981 4005 't
995 3953 1131 4005 catamitus
1140 3952 1300 4018 lacebataul
1316 3956 1344 4006 tl
1359 3960 1465 4020 poterat

384 4023 480 4075 deleuit
496 4023 585 4076 aditor
603 4022 750 4074 Patauinae
765 4020 769 4088 Ι
784 4021 873 4074 lovem
891 4021 902 4089 fl
923 4025 954 4075 vt
965 4022 1019 4074 suis
1029 4023 1067 4083 sel
1086 4020 1191 4074 sedibus
1208 4026 1273 4073 ante
1290 4021 1464 4093 adtacta-omli

385 4094 414 4145 at
435 4090 523 4144 suavis
539 4092 602 4211 132
615 4089 753 4154 Sedeffcro
770 4089 887 4156 aliisquo
901 4091 1094 4156 praeeuntibus
1110 4095 1247 4143 mutarum
1264 4090 1387 4141 ordinem
1405 4108 1464 4145 uer·

385 4161 469 4226 taque
485 4162 525 4212 ato
560 4160 611 4213 elle
622 4157 737 4212 diverbia
750 4157 843 4226 dicere,
862 4158 952 4211 melica
966 4158 1094 4212 canturire
1105 4157 1116 4226 Ι
1129 4160 1162 4210 33
1176 4158 1257 4210 carica
1269 4156 1280 4225 ΙΙ
1294 4159 1327 4209 36
1345 4159 1462 4227 quando]

384 4242 462 4296 quem
479 4228 558 4294 volgo
570 4228 580 4297 11
594 4231 625 4283 at
645 4226 816 4296 oppositaque
