3417 4934
640 371 950 426 seccctoctrtrcsls
1278 374 1339 432 235

255 546 374 627 legibus
389 543 495 607 urbem
518 545 648 618 fundavi,
665 545 806 626 operibus
821 546 934 619 ornavi,
958 552 1046 605 ut-
1065 544 1136 624 quid
1158 546 1253 608 dicam
1267 567 1298 627 p.
1315 567 1341 608 c.

256 651 319 695 non
336 631 470 696 invenio:
486 630 586 693 omnia
602 631 680 692 infra
701 630 937 711 indignationem
952 628 1043 690 verba
1059 640 1140 695 sunt.
1164 633 1342 710 conlugien·

255 718 328 779 dum
345 718 502 796 estitaque
519 718 556 778 ad
572 715 714 778 Messalae
737 715 868 788 Corvini,
883 715 1068 777 disertissimi
1089 717 1155 789 viri,
1177 716 1256 778 illam
1272 737 1342 779 sen-

254 801 385 865 tentiam
408 803 520 882 “pudet
534 799 681 882 imperii”.
704 801 762 874 bic,
779 820 807 881 p.
824 821 862 875 c.‚
879 802 929 880 qui
946 800 1030 861 vobis
1046 820 1106 861 non
1125 820 1213 881 posse
1227 804 1344 864 videtur

227 905 241 956 s
254 906 392 951 muscam
408 888 546 961 excitare,
561 896 622 948 tam
637 887 722 948 lecile
737 887 876 948 homines
891 885 1056 958 occidebat,
1082 905 1171 965 quam
1188 888 1270 949 canis
1292 889 1343 948 ad-

253 973 338 1036 sidit
375 974 426 1035 sed
450 971 522 1052 quid
545 990 602 1051 ego
624 973 661 1034 do
684 979 785 1033 totae
807 970 916 1034 talibus
938 972 1010 1032 viris
1032 970 1154 1032 dicam?
1177 991 1239 1033 non
1263 984 1346 1035 vacat

253 1057 370 1121 deflere
384 1056 518 1138 publicas
533 1058 631 1119 clades
645 1057 774 1119 intuenti
790 1058 950 1119 domestica
966 1057 1053 1117 mala.
1078 1057 1178 1136 itaque
1193 1057 1241 1118 illa
1257 1059 1344 1120 omit·

253 1152 328 1220 tam,
344 1143 419 1205 haee
440 1145 584 1220 reseram;
600 1160 669 1204 nem
685 1143 774 1204 etiam
790 1144 814 1206 si
830 1162 918 1205 soror
933 1161 997 1202 mea
1014 1136 1149 1226 [Graece]
1167 1144 1271 1218 nescit,
1288 1162 1344 1223 ego

253 1229 338 1293 scio:
353 1230 465 1313 ἔγγιον
486 1232 565 1313 γόνυ
587 1231 723 1314 κνήμης.
754 1229 810 1289 iste
825 1246 914 1308 quem
926 1227 1039 1300 videtis,
1056 1246 1110 1307 per
1121 1236 1166 1289 tot
1176 1246 1273 1290 annos
1287 1228 1374 1290 subt

219 1333 330 1388 10meo
354 1314 476 1375 nomine
498 1314 604 1387 latens,
627 1315 705 1374 hano
726 1314 798 1374 mihi
820 1314 944 1393 gratiam
965 1312 1090 1392 rettulit,
1112 1321 1146 1375 ut
1168 1314 1241 1375 duas
1256 1313 1344 1375 lulias

256 1408 426 1480 proneptes
447 1417 528 1461 meas
551 1400 710 1474 occideret,
732 1400 853 1460 alteram
877 1399 967 1469 terro,
989 1398 1110 1459 alteram
1133 1400 1226 1475 lame;
1249 1416 1344 1461 unum

255 1486 442 1566 abnepotem
458 1484 492 1546 L.
508 1484 652 1559 Silanum,
675 1483 783 1547 rideris
799 1484 933 1564 luppiter
949 1502 986 1543 an
1003 1484 1034 1543 in
1051 1500 1139 1545 causa
1155 1485 1239 1559 mala,
1263 1493 1344 1546 certe

254 1571 290 1633 in
307 1579 370 1645 tua,
386 1571 411 1632 si
426 1589 515 1633 aecus
531 1571 650 1631 loturus
666 1589 707 1632 es.
745 1570 792 1631 die
808 1570 891 1642 mihi,
914 1569 979 1629 dive
995 1566 1107 1644 Claudi,
1131 1588 1224 1649 quare
1239 1587 1343 1648 quem·

256 1673 349 1736 quam
366 1674 402 1717 er
416 1656 473 1731 his,
490 1675 566 1736 quos
581 1673 715 1735 quasque
731 1655 875 1731 occidisti,
898 1662 1058 1734 antequam
1074 1654 1112 1715 de
1128 1673 1215 1717 causa
1230 1674 1344 1735 cogno·

216 1762 246 1812 15
256 1759 370 1814 scetes,
385 1750 546 1821 antequam
561 1741 688 1816 audires,
704 1738 874 1803 damnasti?
889 1741 947 1801 boc
962 1740 1014 1801 ubi
1026 1740 1091 1801 lieri
1103 1739 1199 1802 solet?
1214 1741 1245 1802 in
1262 1742 1344 1802 caelo

257 1845 322 1889 non
339 1827 382 1887 fit.
427 1845 497 1889 ecoe
512 1827 656 1907 luppiter,
680 1827 735 1906 'qui
750 1834 795 1887 tot
810 1845 907 1888 annos
922 1833 1037 1905 regnat,
1062 1826 1114 1887 uni
1129 1826 1260 1888 Volcano
1277 1820 1394 1889 crusll

256 1912 359 1993 fregit,
375 1930 462 1991 quem

375 2002 460 2084 ῥῖψε
483 1995 592 2073 ποδὸς
614 1998 763 2080 τεταγὼν
788 1998 859 2058 ἀπὸ
882 1994 991 2082 βηλοῦ
1011 1998 1233 2075 θεσπεσίοιο,

258 2091 290 2144 et
303 2082 398 2144 iratus
413 2083 469 2145 luit
480 2082 566 2144 uxori
582 2091 612 2143 et
626 2082 782 2161 suspendit
798 2081 894 2142 illam:
911 2081 1057 2160 numquid
1074 2080 1204 2142 occidit?
1219 2092 1253 2143 tu
1267 2081 1345 2144 Mes·

216 2168 395 2247 msalinam,
411 2168 497 2231 cuius
511 2186 606 2247 aeque
620 2166 785 2228 avunculus
796 2166 893 2227 maior
908 2184 987 2227 eram
1005 2184 1092 2245 quam
1105 2175 1184 2241 tuus,
1200 2167 1345 2229 occidisti.

259 2251 406 2316 “nescio’'
428 2254 538 2333 inquis.
583 2253 613 2314 di
635 2253 689 2314 tibi
705 2252 780 2313 male
804 2252 928 2313 faciant:
952 2251 1026 2311 adeo
1050 2252 1128 2313 istnc
1150 2253 1268 2333 turpius
1290 2263 1344 2322 est,

258 2339 341 2419 quod
353 2339 486 2413 nescisti,
502 2356 592 2419 quam
608 2338 688 2418 quod
705 2338 849 2399 occidisti.
878 2336 909 2399 C.
922 2337 1079 2398 Caesarem
1092 2356 1152 2398 non
1167 2338 1254 2399 desiit
1264 2356 1344 2398 mor·
1359 2348 1374 2396 2

258 2435 346 2487 tuum
361 2426 511 2506 persequi.
556 2425 707 2485 occiderat
720 2423 770 2484 ille
783 2441 939 2485 socerum:
963 2424 1011 2483 hic
1026 2433 1056 2484 et
1070 2440 1226 2502 generum.
1256 2423 1346 2485 Gaius

258 2510 359 2574 Crassi
374 2509 467 2572 lilium
483 2511 577 2571 vetuit
590 2510 732 2589 llagnum
747 2510 864 2570 vocari:
887 2510 936 2571 hic
953 2527 1063 2569 nomen
1080 2508 1122 2570 illi
1145 2508 1282 2582 reddidit,
1298 2527 1345 2570 eo·

213 2614 249 2665 ns
259 2605 317 2677 put
331 2595 409 2657 tulit.
446 2595 557 2657 occidit
570 2595 601 2657 in
626 2614 686 2657 una
702 2595 791 2656 domo
808 2594 958 2668 Crassum,
972 2594 1125 2674 Magnum,
1148 2594 1346 2666 Scriboniam,

258 2680 653 2756 Tristionias,dssarionem,
668 2679 786 2742 nobiles
796 2689 907 2752 tamen,
916 2679 1052 2741 Crassum
1068 2698 1138 2741 vero
1150 2691 1209 2741 tam
1221 2681 1346 2754 fatuum,

258 2777 295 2829 ut
310 2765 399 2828 etiam
414 2785 542 2847 regnare
556 2776 667 2847 posset.
699 2767 780 2827 bunc
803 2784 887 2827 nuno
902 2766 991 2826 deum
1006 2766 1105 2827 lacere
1120 2762 1229 2827 vultis?
1251 2764 1346 2825 videte
1361 2778 1376 2827 3

260 2870 374 2932 corpus
388 2852 453 2914 eius
474 2853 520 2914 dis
534 2852 618 2914 iratis
633 2861 745 2917 natum.
781 2852 816 2912 ad
833 2869 990 2926 summam,
1006 2851 1063 2911 tria
1076 2850 1166 2911 verba
1183 2851 1242 2911 cito
1258 2850 1346 2925 dicat,

260 2947 292 3000 et
306 2955 424 3000 servum
440 2955 488 2999 me
503 2938 601 3000 ducat.
628 2938 711 2999 hune
726 2938 815 2999 deum
832 2937 899 3016 quis
913 2933 1014 2997 colet?
1041 2936 1108 3015 quis
1123 2933 1246 2997 credet?
1276 2936 1346 2997 dum
1361 2950 1376 3001 t

219 3023 337 3090 meles
351 3023 424 3084 deos
439 3023 543 3098 lacitis,
567 3040 656 3084 nemo
671 3041 725 3085 vos
739 3022 811 3085 deos
827 3042 892 3085 esse
908 3023 1019 3084 credet.
1053 3039 1168 3083 summa
1184 3022 1239 3101 rei,
1262 3040 1292 3101 p.
1308 3040 1346 3096 c,

259 3112 287 3171 si
301 3109 429 3170 honeste
443 3127 490 3171 me
500 3109 579 3171 inter
593 3127 645 3170 vos
661 3108 749 3188 gessi,
772 3110 797 3171 si
814 3108 887 3170 nulli
904 3107 1012 3169 clarius
1026 3108 1179 3187 respondi,
1201 3108 1347 3168 vindicate

259 3193 387 3257 iniurias
408 3212 498 3256 meas.
542 3212 599 3273 ego
622 3212 677 3275 pro
700 3193 848 3256 sententia
872 3212 938 3255 mea
962 3193 1019 3252 boo
1041 3211 1150 3254 censeo
1159 3189 1177 3251 :'
1198 3200 1288 3271 atque
1305 3194 1343 3253 ita

261 3299 299 3342 ex
313 3279 421 3341 tabella
436 3281 584 3341 recitavit:
608 3280 738 3359 ‘quando
762 3279 881 3359 quidem
905 3279 989 3339 divus
1004 3276 1144 3339 Claudius
1167 3278 1277 3339 occidit
1298 3284 1377 3339 sot

260 3383 365 3428 oerum
381 3383 469 3426 suum
476 3365 605 3446 Appium
621 3365 766 3440 Silanum,
782 3383 912 3445 generos
927 3364 1002 3426 duos
1013 3362 1155 3442 Magnum
1171 3362 1346 3442 Pompeium

221 3460 293 3517 atet
315 3450 350 3513 L.
373 3449 518 3524 Silanum,
541 3468 678 3513 socerum
707 3451 785 3511 filiae
815 3467 886 3512 suae
910 3449 1047 3511 Crassum
1071 3448 1173 3527 Frugi,
1196 3447 1346 3509 bominem
1449 3444 1451 3448 ’

261 3544 324 3599 tam
339 3535 465 3598 similem
482 3535 538 3598 sibi
555 3554 643 3616 quam
660 3555 715 3597 ovo
727 3554 826 3617 ovum,
843 3535 1030 3597 Scriboniam
1043 3552 1161 3596 socrum
1173 3531 1251 3593 filiae
1265 3550 1346 3605 suae,

262 3640 387 3684 uxorem
403 3639 487 3683 suam
502 3621 687 3684 Messalinam
711 3633 742 3682 et
756 3632 873 3683 eeteros
888 3638 1016 3701 quorum
1040 3636 1183 3680 numerus
1197 3617 1267 3678 iniri
1283 3637 1345 3678 non

262 3707 372 3789 potuit,
394 3707 492 3787 placet
514 3707 586 3768 mihi
609 3708 639 3768 in
668 3725 737 3768 eum
760 3725 862 3769 severe
884 3705 1078 3767 animadverti
1101 3722 1158 3764 neo
1180 3703 1222 3764 illi
1244 3720 1345 3764 rerum

262 3793 491 3856 iudicandarum
512 3793 696 3854 vacationem
720 3792 782 3853 dari
799 3810 929 3871 eumque
945 3808 1032 3870 quam
1049 3789 1180 3869 primum
1196 3788 1346 3868 exportari

224 3892 251 3943 tt
263 3888 295 3940 et
310 3877 395 3940 caelo
407 3878 485 3939 intra
496 3879 620 3957 triginta
632 3878 695 3939 dies
707 3878 862 3952 excedere,
879 3878 1006 3960 Olympo
1019 3876 1097 3936 intra
1111 3874 1188 3936 diem
1205 3871 1347 3936 tertium'.

349 4015 365 4066 8
384 4026 495 4066 sermea.
515 4015 641 4062 ommni
659 4015 700 4062 cot
717 4024 810 4077 graece
828 4014 860 4061 iu
877 4010 969 4062 codiee
985 4010 1112 4061 Pania‘no
1131 4005 1226 4076 87171
1239 4009 1271 4062 18
1284 4008 1348 4060 llio·
1514 4045 1516 4056 .

261 4078 328 4152 eliel
340 4083 389 4135 591
405 4078 458 4149 l²¹
471 4082 572 4147 potem
583 4078 664 4133 nescii
675 4078 686 4149 Ι
700 4079 733 4132 26
750 4076 869 4141 sortem
883 4078 932 4131 tris
944 4076 1063 4132 homines
1075 4077 1187 4130 assarios
1200 4076 1211 4146 Ι
1222 4077 1253 4131 et
1262 4073 1349 4144 ,turno
1458 4097 1461 4106 ¹

261 4147 385 4219 impendi
403 4148 508 4201 codices
525 4148 671 4200 deteriores
1315 4179 1333 4188 .-
1363 4057 1516 4313 1
