3417 4934
364 498 403 555 12
823 496 978 551 Puvuouu

323 682 338 731 4
359 671 397 733 sit
418 689 452 732 ac
475 669 646 749 diligentius
668 670 857 733 considerare
880 670 1001 750 pallium
1017 670 1125 751 coepit.
1163 671 1289 734 invicem
1305 670 1444 752 Ascyltos
1463 678 1484 732 L

360 757 463 819 iniecit
478 755 761 835 contemplationem
777 775 868 837 super
884 775 1003 820 umeros
1018 756 1121 836 rustici
1138 758 1281 836 emptoris
1295 775 1330 819 ac
1340 758 1443 821 subito

325 852 340 901 5
363 842 548 917 exanimatus
571 841 724 903 conticuit.
763 861 797 904 ac
813 862 851 904 ne
867 843 931 923 ipse
947 840 1067 921 quidem
1081 842 1146 905 sine
1161 843 1261 923 aliquo
1276 852 1360 905 motu
1384 845 1441 907 ho·

360 928 473 989 minem
488 926 642 1007 conspexi,
666 946 735 989 nam
749 927 904 991 videbatur
918 928 967 990 ille
990 928 1061 989 mihi
1084 947 1158 1003 esse,
1182 929 1233 1007 qui
1252 929 1386 991 tunicam
1408 930 1439 992 in

323 1023 338 1071 c
361 1012 522 1076 solitudine
537 1013 701 1075 invenerat.
724 1014 812 1093 plane
822 1014 847 1076 is
859 1014 923 1095 ipse
934 1022 1005 1075 erat.
1028 1012 1080 1075 sed
1093 1032 1161 1075 cum
1173 1014 1310 1095 Ascyltos
1322 1015 1443 1078 timeret
1464 1028 1479 1077 5

361 1099 449 1160 fidem
466 1097 631 1174 oculorum,
656 1118 695 1159 ne
711 1098 782 1178 quid
798 1109 910 1161 temere
926 1100 1048 1173 laceret,
1066 1100 1148 1179 prius
1163 1109 1305 1179 tanquam
1321 1112 1442 1181 emptor

359 1186 485 1265 propius
501 1185 626 1246 accessit
641 1184 827 1265 detraxitque
843 1186 954 1248 umeris
968 1185 1105 1246 laciniam
1118 1193 1149 1246 et
1159 1184 1331 1265 diligentius
1341 1196 1441 1268 temp-

309 1264 350 1333 13
360 1272 441 1332 tavit.
465 1290 482 1332 o
498 1271 597 1333 lusum
612 1270 751 1333 fortunae
767 1270 941 1333 mirabilem.
968 1289 1037 1332 nam
1052 1270 1148 1332 adhuc
1163 1290 1220 1340 nec
1234 1282 1356 1335 suturae
1371 1274 1440 1352 qui·
1509 1283 1516 1370 p

359 1358 426 1418 dem
453 1355 592 1419 attulerat
619 1356 749 1420 rusticus
776 1357 909 1419 curiosas
936 1375 1051 1437 manus,
1081 1368 1111 1418 et
1137 1366 1279 1437 tanquam
1308 1359 1438 1421 mendici
1513 1371 1516 1420 ἓ

320 1451 335 1501 2
357 1442 485 1523 spolium
500 1442 588 1504 etiam
603 1442 754 1505 fastidiose
769 1442 947 1505 venditabat.
984 1442 1118 1523 Ascyltos
1140 1454 1296 1523 postquam
1316 1444 1436 1524 deposi·
1458 1456 1484 1505 tu
1513 1477 1516 1524 :¹

358 1537 422 1591 tum
438 1547 502 1590 esse
525 1527 697 1590 inviolatum
721 1527 791 1589 vidit
814 1537 843 1590 et
865 1546 1024 1608 personam
1047 1528 1203 1591 vendentis
1225 1537 1439 1614 contemptam,
1515 1545 1516 1574 l

358 1614 475 1676 seduxit
491 1632 538 1675 me
559 1613 714 1694 paululum
737 1632 753 1674 a
776 1614 863 1675 turba
887 1622 917 1675 et
932 1614 1009 1676 ‘scis'
1024 1614 1122 1693 inquit
1137 1615 1247 1690 irater,
1264 1615 1385 1680 rediisse
1400 1617 1437 1677 ad

321 1709 336 1758 3
358 1719 414 1761 nos
429 1701 601 1761 thesaurum
617 1698 654 1760 de
670 1718 730 1778 quo
746 1697 918 1779 querebar?
941 1700 989 1761 illa
1006 1708 1050 1761 est
1065 1700 1198 1763 tunicula
1213 1700 1320 1776 adhuc,
1336 1709 1370 1763 ut
1383 1720 1437 1782 ap·

357 1794 452 1865 paret,
475 1785 594 1847 intactis
616 1786 713 1847 aureis
735 1786 832 1865 plena.
872 1784 942 1865 quid
966 1804 1037 1865 ergo
1062 1785 1194 1863 iacimus,
1216 1794 1268 1848 aut
1290 1805 1350 1866 quo
1369 1787 1436 1849 iure

356 1889 420 1932 rem
436 1869 797 1934 nostramvindicamus‘l’
1456 1883 1482 1933 u
1513 1865 1516 1898 ³

320 1967 334 2016 4
442 1956 619 2018 exhilaratus
641 1975 697 2036 ego
721 1976 783 2018 non
806 1964 924 2019 tantum
947 1956 1015 2035 quia
1042 1957 1181 2036 praedam
1209 1956 1355 2033 videbam,
1383 1959 1435 2020 sed

357 2042 445 2103 etiam
461 2042 540 2121 quod
556 2042 675 2103 fortuna
691 2061 739 2104 me
754 2063 770 2103 a
787 2042 956 2122 turpissima
972 2042 1144 2121 suspicione
1156 2042 1315 2127 dimiserat,
1331 2044 1436 2121 negavi

357 2128 483 2190 circuitu
499 2129 657 2207 agendum,
673 2128 724 2191 scd
737 2129 825 2209 plane
836 2128 902 2189 iure
915 2127 991 2190 civili
1003 2128 1212 2203 dimicandum,
1227 2137 1261 2189 ut
1278 2129 1302 2190 si
1321 2128 1437 2191 nollent
1515 2193 1516 2198 ,

356 2212 482 2274 alienam
498 2232 561 2274 rem
576 2213 698 2275 domiuo
715 2215 848 2289 reddere,
865 2213 900 2275 ad
916 2214 1107 2275 interdictum
1123 2214 1268 2276 venirent.

305 2293 347 2361 14
442 2307 546 2360 contra
562 2300 695 2380 Ascyltos
710 2299 791 2379 leges
806 2298 930 2361 timebat
944 2308 974 2360 et
989 2299 1075 2378 ‘quis’
1091 2299 1187 2361 aiebat
1201 2300 1268 2361 ‘hoc
1283 2297 1352 2361 loco
1375 2319 1433 2361 nos
1454 2311 1483 2361 20

356 2384 447 2458 novit,
460 2393 510 2446 aut
522 2384 588 2464 quis
599 2385 720 2447 habebit
727 2383 898 2447 dicentibus
908 2383 1019 2446 fidem?
1034 2386 1107 2448 mihi
1118 2386 1207 2466 plane
1217 2385 1316 2465 placet
1323 2404 1433 2467 emere,

357 2471 490 2549 quamvis
504 2478 641 2532 nostrum
656 2471 703 2546 sit,
720 2472 800 2551 quod
811 2471 1011 2549 agnoscimus,
1025 2480 1055 2533 et
1065 2490 1157 2551 parvo
1173 2488 1241 2534 aere
1255 2489 1435 2551 recuperare

355 2556 455 2635 potius
470 2557 652 2641 thesaurum,
668 2575 755 2636 quam
772 2557 803 2618 in
820 2556 989 2635 ambiguam
1004 2557 1086 2619 litem
1100 2557 1296 2621 descendere:

317 2651 331 2699 2
482 2640 487 2725 Ι
508 2641 578 2721 quid
595 2643 704 2704 iaciant
718 2643 808 2724 leges,
824 2642 876 2704 uhi
891 2643 953 2706 sola
969 2643 1097 2722 pecunia
1112 2650 1225 2721 regnat,
1446 2641 1493 2693 EO

524 2736 574 2789 aut
589 2727 640 2790 ubi
654 2736 815 2809 paupertas
830 2729 951 2791 vincere
967 2728 1048 2790 nulla
1062 2726 1182 2808 potest?
1455 2723 1486 2772 25

482 2813 539 2893 ipsi
555 2814 606 2893 qui
621 2812 730 2895 Cynica
741 2814 907 2881 ‚traducunt
921 2821 1056 2893 tempora
1071 2831 1153 2892 pera,

526 2918 587 2961 non
605 2917 758 2977 nunquam
775 2898 905 2959 nummis
919 2898 1049 2959 vendere
1064 2916 1133 2960 vera
1147 2898 1255 2960 solent.

483 3002 554 3063 ergo
570 2984 712 3046 iudicium
730 2983 803 3045 nihil
819 2993 864 3045 est
881 2982 937 3045 nisi
954 2983 1073 3064 publica
1088 3002 1213 3061 merces,

525 3079 615 3149 atque
631 3088 723 3149 eques
738 3069 769 3129 in
786 3087 874 3131 causa
890 3068 940 3148 qui
955 3070 1046 3145 sedet,
1063 3078 1161 3150 empta
1175 3068 1304 3150 probat’

316 3165 331 3214 3
457 3152 532 3233 lsed
556 3164 675 3235 praeter
697 3174 790 3218 unum
807 3154 994 3235 dipondium,
1010 3174 1070 3235 quo
1085 3156 1166 3218 cicer
1187 3155 1367 3235 lupinosque
1380 3153 1432 3216 de·
1458 3144 1516 3207 3⁰¹

317 3251 331 3300 4
353 3238 567 3302 stinaveramus
589 3242 724 3317 mercari,
749 3241 823 3303 nihil
844 3240 880 3301 ad
896 3259 1017 3302 manum
1033 3250 1106 3308 erat.
1143 3242 1243 3321 itaque
1258 3259 1297 3303 ne
1312 3239 1434 3303 interim

355 3324 463 3404 praeda
487 3326 661 3400 discederet,
684 3326 730 3388 vel
746 3326 871 3388 minoris
893 3325 1014 3406 pallium
1037 3327 1174 3389 addicere
1191 3325 1303 3407 placuit
1318 3334 1349 3387 et
1362 3343 1435 3406 pre·

317 3422 331 3471 5
354 3410 427 3471 tium
443 3412 563 3473 maioris
580 3411 749 3493 compendii
764 3412 906 3475 leviorem
922 3414 1020 3474 lacere
1036 3414 1187 3474 iacturam.
1219 3430 1286 3473 ovam
1302 3412 1434 3491 primum

354 3514 426 3576 ergo
449 3497 645 3577 explicuimus
661 3517 800 3572 mercem,
823 3498 931 3559 mulier
953 3505 1059 3578 operto
1075 3500 1183 3579 capite,
1206 3516 1365 3577 quaecum
1381 3515 1434 3558 ru-

353 3582 428 3643 stico
451 3590 581 3659 steterat,
605 3584 747 3664 inspectis
770 3583 942 3664 diligentius
959 3584 1052 3663 signis
1067 3585 1170 3646 iniecit
1184 3593 1341 3663 utramque
1363 3582 1433 3644 laci·
1459 3590 1491 3639 35

354 3669 421 3730 niae
436 3687 558 3730 manum
574 3688 740 3750 magnaque
754 3668 968 3731 vociteratione
984 3669 1135 3732 ‘latrones'
1148 3664 1274 3755 [tenere]
1286 3669 1432 3731 clamavit.

316 3764 331 3812 c
354 3764 460 3816 contra
476 3774 532 3817 nos
546 3755 722 3834 perturbati,
746 3774 784 3817 ne
799 3754 967 3817 videremur
981 3755 1057 3817 nihil
1071 3774 1170 3836 agere,
1193 3764 1222 3816 et
1240 3755 1296 3834 ipsi
1310 3754 1433 3816 scissam

353 3841 559 3850 —-—-—

440 3875 455 3925 2
474 3875 539 3924 haee
561 3874 630 3923 male
649 3876 797 3923 contracto.
833 3874 955 3924 Petronii
973 3876 1071 3937 opinor
1087 3871 1173 3934 fuisse
1196 3870 1299 3923 tunicae
1317 3875 1434 3921 couleur·
1514 3865 1516 3912 J

354 3940 468 4005 platione
486 3943 597 3994 iniectae
609 3956 687 4007 super
699 3956 803 3993 umeros
815 3942 904 3992 rustici
917 3941 927 4007 Ι
941 3944 955 3991 'l
975 3941 1058 3994 tenuit
1069 3940 1080 4008 Ι
1093 3944 1108 3993 8
1121 3940 1222 3993 laturae
1235 3943 1283 3989 aut
1295 3938 1406 3992 furtivae
1423 3936 1433 4008 ll
1513 3933 1516 3984 ἱ

354 4010 370 4060 9
389 4009 435 4060 sed
458 4010 468 4077 fl
491 4012 522 4063 18
541 4009 623 4063 nollet
645 4008 655 4076 ΙΙ
680 4012 711 4063 19
729 4011 829 4061 veniret
848 4008 859 4077 ΙΙ
881 4011 914 4061 24
933 4011 983 4060 doe
1001 4026 1109 4062 cannen
1128 4009 1193 4061 libri
1207 4007 1291 4073 poulo
1308 4009 1434 4074 superius

353 4077 523 4129 collocarunt
538 4082 600 4145 poet
616 4076 717 4128 veniret
737 4080 768 4131 te
780 4076 790 4146 ΙΙ
805 4079 838 4129 26
850 4093 906 4129 cera
920 4077 931 4144 l
944 4079 976 4130 27
994 4079 1073 4130 verba
1087 4077 1173 4129 solent
1185 4090 1269 4128 emere
1289 4073 1431 4144 013031-
1509 4099 1511 4104 ·

352 4145 476 4210 pendium
495 4146 558 4199 sicel
576 4145 732 4212 lupinosque
750 4145 844 4213 quihus
863 4145 1091 4199 destinaveramus.
1126 4146 1253 4197 uenatio
1270 4140 1433 4215 amputatall

353 4216 383 4267 31
404 4214 491 4282 itaque
510 4214 575 4266 libri
588 4219 654 4281 post
671 4213 814 4267 discederet
832 4214 1022 4284 collocarunt!
1041 4216 1074 4267 32
1093 4217 1129 4280 et]
1146 4216 1244 4285 113133
1262 4212 1361 4267 lacerat
1377 4227 1432 4280 quc

348 4286 457 4334 servato
477 4281 629 4335 Gronovius
647 4282 729 4335 levior
747 4288 773 4335 et
791 4282 889 4336 iactura
900 4281 911 4352 l
924 4285 959 4337 34
975 4292 1065 4351 aperto
