3417 4934
1514 363 1516 436 l

1514 465 1516 534 l

1513 543 1516 656 1

394 688 488 752 monii
499 686 545 750 sui
556 685 687 747 rationes
698 684 837 765 inspexit,
850 703 960 764 nempe
969 686 1047 747 diem
1059 684 1157 757 etiam,
1170 703 1230 763 qno
1242 691 1391 747 venturus
1403 693 1476 748 esset
1485 675 1516 750 tl

342 776 347 810 ·'
365 785 367 789 ’
397 777 428 837 in
443 773 578 855 patriam,
594 770 694 831 animo
710 788 765 831 suo
781 770 854 833 lixit.
886 771 927 832 dii
942 770 1084 851 deaeque,
1100 786 1190 849 qnam
1205 769 1297 849 longe
1313 787 1331 831 a
1345 769 1474 833 desunt*
1514 759 1516 794 ¹

345 868 374 918 tc
395 860 478 922 tione
492 876 544 920 sua
559 856 644 917 iacet.
674 856 726 917 sed
742 874 805 916 non
817 856 881 918 sola
892 856 1067 919 mortalibus
1082 854 1174 915 maria
1188 854 1267 916 banc
1281 854 1373 916 fldem
1390 873 1473 937 prne-

394 952 484 1008 stam.
514 943 597 1006 illum
612 940 772 1003 bellantem
784 959 866 1002 arma
878 941 1041 1023 decipiunt,
1053 941 1137 1002 illum
1148 940 1204 1001 diis
1217 948 1285 1001 vota
1301 940 1473 1005 reddentem

395 1029 547 1111 penatium
570 1044 693 1088 suorum
715 1026 802 1088 ruina
824 1027 941 1107 sepelit
971 1027 1019 1089 ille
1034 1026 1169 1089 vehiculo
1190 1025 1292 1105 lapsus
1307 1037 1499 1108 properant

395 1123 457 1177 tem
479 1114 616 1195 spiritum
639 1112 777 1187 excussit,
801 1112 886 1174 cibus
911 1112 1028 1174 aridum
1049 1110 1252 1191 strangulavit,
1275 1110 1472 1175 abstinentem

342 1198 373 1258 ir
396 1199 557 1280 frugalitas.
588 1198 613 1259 si
631 1196 710 1259 bene
730 1197 877 1259 calculum
899 1216 1006 1279 ponas,
1029 1198 1142 1277 ubique
1157 1197 1349 1278 naufragium
1364 1207 1420 1261 est.
1446 1206 1474 1260 at

397 1286 478 1347 enim
492 1282 634 1346 fluctibus
656 1282 765 1344 obruto
781 1302 842 1345 non
859 1282 1008 1364 contingit
1027 1282 1190 1363 sepultura.
1219 1291 1364 1362 tanquam
1384 1284 1472 1346 inter·

396 1371 444 1445 sit,
458 1370 625 1451 periturum
648 1386 759 1449 corpus
779 1386 855 1448 quae
877 1369 951 1429 ratio
973 1380 1140 1442 consumat,
1161 1367 1240 1447 ignis
1261 1387 1299 1431 en
1316 1369 1426 1433 linctus
1438 1386 1471 1431 an

328 1464 385 1537 ,48Ἰ
396 1473 488 1517 mora.
519 1453 662 1535 quicquid
677 1453 794 1528 feceris,
817 1454 917 1515 omnia
932 1455 1008 1516 baec
1023 1455 1129 1516 eodem
1143 1462 1268 1516 ventura
1286 1464 1369 1517 sunt.
1398 1455 1471 1517 lene
1486 1462 1510 1514 n.

397 1550 495 1603 tamen
512 1558 623 1619 corpus
637 1538 820 1601 lacerabunt.
850 1548 992 1618 tanquam
1008 1539 1114 1601 melius
1129 1539 1208 1619 ignis
1223 1540 1367 1619 accipiat;
1388 1540 1470 1601 immo
1499 1607 1501 1612 ,

347 1634 376 1686 19
396 1626 473 1687 hanc
488 1643 617 1705 poenam
631 1624 834 1703 gravissimam
849 1625 1010 1699 credimus,
1025 1624 1078 1686 ubi
1093 1626 1186 1687 servis
1206 1625 1374 1688 irascimur.
1404 1641 1470 1701 qnae

395 1729 470 1790 ergo
486 1710 634 1855 deqqentia
649 1717 703 1786 est,
721 1710 820 1771 omnia
836 1710 944 1786 lacere,
962 1729 1000 1771 ne
1016 1710 1085 1789 qnid
1109 1710 1146 1771 de
1163 1711 1251 1772 nobis
1266 1710 1418 1791 relinquat
1430 1728 1469 1773 sc·

397 1797 517 1875 pultum

393 511 434 572 82
854 509 1010 565 Peruenit

926 1901 946 1932 ᾖ

345 1974 376 2025 20
483 1973 513 2026 et
526 1963 648 2026 Licham
664 1966 784 2043 quidem
798 1966 1036 2045 rogusinimicis
1047 1967 1172 2030 collatus
1183 1965 1322 2028 manibus
1334 1964 1468 2028 adolebat
1481 1967 1500 2036 tl

401 2050 566 2130 Eumolpus
581 2057 679 2111 autem
694 2050 765 2112 dum
780 2052 962 2130 epigramma
978 2061 1098 2114 mortuo
1114 2052 1194 2124 facit,
1209 2051 1315 2113 oeulos
1331 2050 1367 2112 ad
1382 2068 1467 2114 arcet·
1494 2065 1496 2070 '

397 2135 508 2197 sendos
521 2154 628 2198 sensus
642 2136 762 2215 longius
776 2137 866 2198 mittit

929 2241 948 2276 dl

330 2302 394 2372 llb
485 2305 543 2367 boc
557 2313 679 2387 peracto
694 2305 824 2369 libenter
839 2308 937 2369 officio
950 2308 1128 2370 destinatum
1140 2307 1290 2387 carpimus
1300 2305 1359 2370 iter
1369 2324 1404 2368 tc
1416 2321 1468 2367 mo

399 2398 502 2451 mento
517 2391 661 2472 temporis
675 2391 707 2453 in
723 2400 857 2454 montem
872 2392 1015 2456 sudantes
1029 2393 1271 2466 conscendimus,
1282 2409 1320 2453 ex
1332 2409 1393 2471 quo
1403 2385 1469 2453 band

362 2488 377 2538 2
400 2476 505 2556 procul
527 2477 700 2557 impositum
720 2495 788 2540 erce
809 2477 931 2540 sublimi
953 2478 1096 2561 oppidum
1120 2478 1282 2541 cernimus.
1321 2495 1379 2539 nec
1402 2471 1499 2556 qnod!

371 2563 373 2570 '
400 2568 487 2636 esset,
503 2562 670 2625 sciebamus
691 2572 836 2640 errantes,
859 2565 956 2626 donec
978 2583 995 2625 a
1016 2564 1103 2626 vilico
1125 2563 1254 2645 quodam
1271 2562 1404 2624 Crotona
1417 2575 1469 2623 mee
1493 2573 1497 2584 ·

400 2648 604 2726 cognorimus,
626 2648 733 2710 urbem
749 2650 986 2729 antiquissimam
1002 2658 1032 2711 et
1047 2650 1206 2729 aliquando
1228 2647 1331 2709 ltaliae
1346 2648 1470 2729 primm

365 2744 380 2794 tt
402 2749 470 2794 cunr
485 2732 592 2795 deinde
609 2734 781 2814 diligentius
801 2736 1033 2816 exploraremus,
1058 2735 1109 2814 qui
1126 2735 1265 2795 homines
1280 2733 1473 2795 inhabitarent

401 2816 502 2878 nobile
517 2820 624 2894 solum,
647 2820 763 2899 quodve
784 2838 882 2901 genus
905 2820 1116 2900 negotiationis
1139 2820 1299 2900 praecipue
1320 2818 1473 2905 probarent

364 2914 379 2963 4
400 2912 469 2981 post
483 2905 596 2967 attritas
612 2904 697 2966 bellis
711 2906 920 2985 frequentibus
936 2925 1018 2986 opes,
1040 2912 1069 2966 ‘o
1091 2903 1140 2967 mi’
1165 2904 1264 2984 inquit
1279 2897 1473 2986 ‘bospites,d

401 2989 601 3067 negotiatores
617 2990 703 3064 estis,
724 2999 836 3052 mutate
851 2992 1039 3072 propositum
1055 2990 1194 3069 aliudque
1214 2990 1290 3051 ritae
1304 2989 1474 3072 praesidium

343 3098 345 3104 v
365 3082 380 3132 t
402 3073 544 3150 quaerite.
574 3076 621 3137 sin
637 3084 737 3137 autem
753 3075 924 3139 urbanioris
939 3085 1028 3139 notae
1043 3077 1182 3138 homines
1197 3075 1352 3137 sustinetis
1366 3087 1475 3154 semper

362 3167 378 3217 6
399 3158 530 3234 mentiri,
545 3168 626 3221 recta
641 3160 678 3222 ad
693 3162 810 3223 lucrum
825 3162 955 3225 curritis.
986 3162 1016 3224 in
1032 3162 1089 3223 bac
1107 3161 1188 3223 enim
1195 3161 1277 3245 prbe
1289 3180 1357 3243 pon
1372 3160 1475 3223 littere·

402 3259 469 3303 rum
485 3245 580 3307 studia
597 3246 797 3323 celebrantur,
813 3267 875 3310 non
892 3248 1062 3327 eloquentia
1075 3248 1175 3309 locum
1190 3247 1288 3322 babet,
1305 3264 1370 3307 non
1385 3245 1476 3324 fruga-

401 3326 468 3390 litas
482 3331 639 3411 sanctique
653 3350 754 3395 mores
767 3333 906 3396 laudibus
921 3335 957 3395 ad
972 3335 1104 3395 fructum
1116 3332 1306 3413 perveniunt,
1322 3332 1375 3394 sod
1392 3345 1474 3413 qnos·
1501 3387 1503 3394 .

403 3429 525 3492 cunque
546 3415 685 3480 homines
706 3419 738 3480 in
760 3418 816 3480 bac
842 3418 917 3481 urbe
944 3419 1084 3493 videritis,
1107 3418 1211 3480 scitote
1235 3418 1364 3479 induas
1388 3423 1478 3499 pente

367 3509 470 3560 tesse
496 3501 614 3563 divisos.
656 3522 725 3565 nam
751 3515 802 3567 aut
835 3514 994 3586 captantur
1020 3514 1071 3566 aut
1096 3511 1226 3583 captant.
1264 3502 1296 3564 in
1326 3503 1385 3564 bac
1412 3499 1478 3565 urbe

403 3600 493 3645 nemo
515 3585 626 3649 liberos
647 3590 732 3673 tollit,
755 3591 823 3671 quia
847 3591 981 3670 quisquis
1003 3610 1074 3652 suos
1095 3589 1220 3651 heredes
1241 3587 1343 3662 habet,
1365 3607 1428 3650 non
1448 3583 1479 3647 etl
1515 3633 1516 3652 .

346 3669 350 3704 ³
404 3686 503 3745 cenas,
527 3689 589 3733 non
612 3674 647 3735 ad
670 3677 838 3758 spectacula
861 3676 1035 3750 admittitur,
1064 3676 1115 3737 sed
1147 3674 1288 3736 omnibns
1308 3673 1480 3754 probibetnt
1514 3659 1516 3738 f

367 3756 584 3832 eccmmodis,
609 3758 689 3822 inter
720 3762 937 3841 ignominiosos
970 3761 1073 3823 latitat.
1114 3761 1166 3839 qui
1192 3777 1261 3820 vero
1292 3778 1351 3822 nec
1378 3773 1480 3823 uxoreo
1493 3751 1516 3818 ll

347 3865 350 3870 >
405 3858 539 3921 unquam
553 3843 704 3908 duxerunt
719 3866 776 3909 nec
791 3839 942 3929 proximas
963 3844 1200 3909 necessitudines
1216 3844 1337 3929 babent,
1352 3844 1390 3906 ad
1405 3860 1479 3907 snm·

404 3944 470 3989 mos
495 3928 627 3992 bonores
652 3933 846 4014 perveniunt,
874 3934 903 3995 id
929 3943 974 3995 est
999 3932 1054 3994 soli
1077 3931 1235 4003 militares,
1262 3930 1318 3992 soli
1334 3925 1482 3993 tortissimi

347 4019 495 4091 ⁴eatque
524 4014 613 4076 etiam
643 4017 823 4081 innocentes
849 4018 1007 4081 habentur.
1048 4014 1174 4079 adibitis'
1204 4016 1302 4096 inquit
1332 4016 1482 4098 ‘oppidum

491 4150 507 4199 2
525 4147 622 4220 linxitll
637 4154 652 4206 8
665 4151 796 4219 contigit!
810 4154 841 4205 13
852 4168 867 4204 e
879 4151 955 4204 nobis
967 4151 978 4218 Ι
990 4152 1023 4203 to
1032 4152 1136 4202 conieci
1144 4149 1307 4218 suppositum
1316 4150 1371 4201 arci
1370 4148 1393 4279 Ι]
1407 4145 1483 4220 qnldl

407 4213 441 4264 34
453 4227 544 4268 scenas
556 4216 567 4285 l
579 4220 611 4271 tt
630 4219 667 4273 bii
684 4220 734 4273 soli
744 4222 924 4288 apographon
937 4220 1126 4272 Memmianum
1138 4217 1149 4287 l
1162 4220 1195 4272 38
1204 4217 1335 4271 audebitis
1349 4216 1356 4286 Ι
1386 4222 1482 4271 ortam

403 4279 494 4349 itaque

312 4581 543 4610 ,Δηὼ-ιι.-
559 4607 565 4610 .
