3417 4934
313 938 393 1011 Quid
407 947 507 999 actum
528 937 567 999 sit
582 936 612 997 in
630 936 712 998 caelo
729 936 893 999 antediem
909 936 960 1000 lll.
977 936 1044 999 idus
1066 935 1206 999 Octobris
1221 954 1302 999 anno
1320 931 1340 1000 1

251 1045 309 1101 ivo,
325 1024 413 1086 initio
428 1023 538 1086 saeculi
553 1021 731 1094 felicissimi,
746 1022 813 1084 volo
829 1022 991 1084 memoriae
1005 1021 1133 1089 tradere.
1154 1022 1232 1084 nibil
1246 1040 1304 1085 nec

251 1113 353 1173 lensae
368 1127 426 1171 nec
439 1108 552 1188 gratiae
577 1107 706 1169 dabitur.
739 1106 812 1169 baec
827 1107 867 1169 ita
882 1125 962 1169 vera.
992 1108 1018 1170 si
1038 1107 1106 1188 quis
1126 1107 1305 1187 quaesiverit

251 1198 301 1259 ide
316 1195 418 1266 sciam,
432 1194 573 1275 primum,
584 1193 610 1255 si
622 1192 759 1267 noluero,
773 1212 833 1255 non
847 1192 1049 1273 respondebo.
1066 1193 1133 1274 quis
1144 1201 1304 1256 coacturus

251 1282 284 1343 t‘l
308 1300 365 1361 ego
380 1280 442 1342 scio
458 1297 506 1341 me
521 1278 648 1340 liberum
664 1279 790 1353 lactum,
817 1297 854 1340 ex
869 1297 930 1358 quo
945 1298 1033 1340 suum
1054 1277 1133 1340 diem
1155 1278 1230 1341 obiit
1243 1278 1303 1352 ille,

251 1369 271 1430 ri
286 1384 390 1428 verum
406 1363 597 1445 proverbium
610 1363 795 1436 feneratam
808 1381 911 1444 regem
926 1373 978 1425 aut
990 1365 1108 1426 fatuum
1120 1364 1202 1427 nasci
1212 1382 1304 1445 opor-

251 1472 294 1515 re.
310 1452 336 1514 si
348 1450 469 1513 libuerit
480 1449 680 1529 respondere,
695 1448 792 1510 dicam
807 1450 887 1529 quod
902 1449 975 1510 mibi
991 1450 1022 1511 in
1037 1449 1164 1513 buccam
1179 1449 1304 1512 venerit.
1325 1459 1340 1509 2

251 1539 287 1601 ris
310 1554 442 1616 unquam
472 1535 508 1596 ab
533 1535 674 1596 historico
697 1534 845 1597 iuratores
870 1531 988 1614 exegit?
1010 1544 1109 1597 tamen
1132 1535 1157 1597 si
1181 1553 1305 1597 neeesse

252 1624 312 1686 erit
326 1632 477 1683 auctorem
493 1620 670 1700 producere,
687 1620 820 1699 quaerito
833 1620 873 1683 ,ab
890 1639 925 1681 eo
942 1620 993 1702 qui
1008 1620 1167 1683 Drusillam
1182 1630 1305 1683 euntem

251 1708 388 1771 icaelum
407 1706 494 1768 vidit:
517 1706 596 1767 idem
620 1705 773 1767 Claudium
796 1704 903 1768 vidisse
917 1724 949 1768 se
966 1706 1045 1767 dicet
1065 1705 1123 1768 iter
1144 1706 1304 1768 facientem

251 1813 292 1857 on
317 1791 453 1873 passibus
474 1791 595 1871 aequis'.
624 1790 694 1852 velit
710 1790 794 1874 nolit,
813 1798 938 1853 necesse
953 1800 999 1853 est
1014 1791 1056 1853 illi
1071 1793 1172 1854 omnia
1194 1791 1305 1867 videro,

251 1898 297 1941 rae
314 1877 443 1939 incaelo
466 1886 610 1957 aguntur:
634 1876 747 1957 Appiae
769 1875 833 1938 riae
848 1885 968 1939 curator
989 1884 1043 1951 est,
1066 1896 1125 1958 qua
1140 1878 1199 1941 scis
1214 1886 1245 1941 et
1258 1877 1304 1939 di·

249 1984 290 2026 rm
305 1963 473 2041 Augustum
488 1970 519 2024 et
533 1960 687 2024 Tiberium
709 1961 866 2024 Caesarem
881 1961 919 2023 ad
933 1961 1006 2025 deos
1020 1962 1088 2025 isse.
1119 1964 1202 2026 bunc
1216 1963 1242 2026 si
1256 1964 1342 2024 int

251 2049 431 2130 rrogaveris,
443 2047 500 2110 soli
515 2047 666 2109 narrabit:
682 2065 783 2109 coram
798 2046 938 2127 pluribus
952 2065 1109 2127 nunquam
1123 2048 1249 2112 verbum
1263 2049 1307 2110 la-

251 2146 293 2198 et.
318 2153 388 2196 nam
404 2152 441 2195 ex
456 2151 517 2213 quo
533 2133 563 2193 in
580 2142 686 2195 senatu
701 2132 809 2194 iuravit
832 2152 866 2195 se
888 2132 1047 2194 Drusillam
1070 2134 1177 2196 vidisse
1192 2134 1307 2196 caelum

251 2220 437 2283 scandentem
451 2227 482 2281 et
496 2218 539 2279 illi
554 2236 610 2298 pro
629 2228 690 2279 tam
712 2216 793 2278 bono
816 2218 924 2280 nuntio
947 2236 1038 2279 nemo
1060 2219 1202 2295 credidit,
1224 2219 1306 2299 qnod

250 2306 337 2380 derit,
368 2303 466 2367 verbis
495 2303 651 2383 conceptis
672 2303 829 2365 alflrmarit
846 2321 879 2365 se
895 2321 958 2364 non
981 2302 1193 2381 indicaturum,
1215 2305 1306 2367 etiam

266 2394 298 2454 in
321 2390 419 2453 medio
440 2390 506 2450 loro
526 2389 678 2450 hominem
700 2388 833 2451 occisum
854 2387 983 2451 vidisset.
1011 2387 1048 2449 ab
1070 2389 1128 2451 hcc
1150 2408 1205 2469 ego
1229 2407 1306 2470 quae

251 2495 287 2538 un
303 2476 409 2549 audivi,
421 2484 502 2537 certa
518 2474 596 2536 clara
612 2474 713 2547 allero,
725 2474 764 2535 ita
780 2473 863 2535 illurn
876 2473 989 2535 salvum
1000 2484 1032 2536 et
1042 2474 1158 2538 felicem
1170 2475 1304 2538 babeam.

379 2561 438 2623 iam
454 2558 594 2621 Phoebus
609 2558 745 2621 breviore
758 2559 806 2621 via
820 2568 1011 2621 contraxerat
1025 2558 1130 2623 orbem
1320 2554 1343 2622 2

376 2646 452 2709 lucis
468 2654 498 2706 et
513 2644 633 2707 obscuri
649 2643 823 2707 crescebant
837 2653 972 2724 tempora
987 2645 1095 2720 somni,

377 2732 497 2811 iamque
512 2748 600 2792 suum
616 2730 721 2791 victrix
735 2728 865 2809 augebat
878 2729 1003 2811 Cynthia
1019 2747 1148 2810 regnum

377 2826 408 2879 et
423 2815 565 2878 deformis
580 2815 695 2897 hiemps
709 2824 811 2897 gratos
825 2815 968 2895 carpebat
982 2815 1114 2878 bonores

378 2902 474 2964 divitis
489 2901 625 2963 autumni
640 2902 783 2982 iussoque
797 2919 956 2964 senescere
971 2900 1089 2963 Baccho

379 2986 521 3068 carpebat
535 3005 617 3049 raras
631 3006 717 3050 sorus
730 2986 911 3050 vindemitor
926 3005 1005 3049 uvas.

251 3082 295 3133 rto
318 3073 411 3153 magis
433 3073 580 3151 intellegi,
603 3073 627 3136 si
650 3074 768 3135 dixero:
792 3072 905 3136 mensis
924 3082 987 3134 erat
1007 3071 1155 3146 October,
1176 3070 1240 3133 dies
1254 3071 1306 3133 Ill.
1328 3082 1343 3132 t

252 3177 287 3220 us
309 3157 458 3220 Octobris.
491 3160 596 3220 boram
619 3178 680 3222 non
702 3177 826 3239 possum
846 3167 959 3220 certam
979 3156 1034 3220 tibi
1054 3158 1169 3232 dicere,
1191 3156 1307 3220 facilius

251 3255 302 3306 ter
317 3243 513 3341 pbilosopbos
532 3263 623 3324 quam
645 3244 726 3306 inter
739 3244 895 3342 borologia
914 3243 1089 3318 conveniet,
1109 3251 1209 3305 tamen
1225 3244 1307 3305 inter

251 3337 336 3390 stam
351 3338 381 3391 et
400 3329 556 3409 septimam
573 3338 647 3394 erat
677 3329 778 3392 ‘nimis
800 3327 922 3391 rustice'
943 3328 1094 3408 inquiesa‘
1117 3346 1186 3390 cum
1201 3346 1308 3391 omnes
1327 3337 1343 3386 3

251 3422 345 3488 retae,
361 3433 423 3475 non
440 3416 575 3477 contenti
591 3423 676 3477 ortus
690 3423 720 3477 et
735 3432 860 3477 occasus
874 3412 1056 3490 describere,
1065 3408 1122 3561 [ιιι]
1139 3413 1228 3476 etiam
1243 3432 1306 3476 me·

252 3518 303 3561 um
319 3499 420 3560 diem
412 3500 592 3580 inquietent,
608 3509 641 3562 tu
656 3500 699 3563 sic
714 3499 857 3563 transibis
871 3500 976 3561 boram
991 3508 1052 3562 tarn
1087 3495 1210 3561 onami'

306 3667 467 3735 Scripturas
485 3670 583 3734 quibus
599 3669 672 3720 nibil
688 3668 849 3720 adnotatum
861 3672 902 3719 sst
912 3667 984 3734 elegi
995 3685 1009 3719 s
1021 3667 1112 3719 codron
1125 3665 1201 3731 S
1202 3664 1307 3731 omnst,

251 3751 314 3802 quo
328 3736 406 3803 plene
418 3736 534 3789 nlatnsn
546 3740 609 3787 ιιι
597 3752 628 3789 ιιι
639 3737 759 3805 symbola
770 3736 977 3804 philologorusn
987 3736 1171 3802 Bonnensibus
1182 3734 1234 3800 (sd.
1242 3732 1307 3801 Iss'p·

251 3821 275 3857 w
293 3821 322 3925 ab
333 3807 452 3941 1ιιειιθιᾷὶιιξ
460 3803 555 3926 vae'm'n‘r
568 3871 812 3942 Mommsenssslll
828 3871 910 3939 Verg.
919 3861 995 3924 Aen.
1013 3868 1098 3924 nats
1111 3867 1123 3940 Ι
1136 3871 1168 3923 tt
1180 3869 1305 3939 quicquid

251 3938 834 4079 warte
846 3941 994 4134 epo
1012 3939 1306 4077 rr,

251 4092 331 4146 ioque
348 4079 432 4130 edito
448 4080 577 4145 princeps
588 4077 600 4147 l
611 4079 645 4131 26
661 4077 801 4146 intelleges
821 4073 893 4134 Η
976 4022 1178 4130 Hmbsrusw
1134 4074 1147 4145 Ι
1158 4077 1191 4130 29
1208 4075 1305 4129 rustice

251 4148 413 4227 quiescent
410 4160 516 4201 omnes:
530 4146 592 4199 etde
602 4161 637 4200 sss
653 4147 828 4202 snam
842 4143 996 4200 ιιηιιιιὶιιι
1011 4144 1167 4198 uss-oca
1183 4143 1305 4214 adquies-

251 4214 274 4268 is
292 4214 320 4267 lu
338 4213 413 4280 bis,
405 4214 502 4283 inquis.
520 4218 574 4268 tsm
592 4214 694 4270 curiose
709 4212 744 4270 tle
760 4214 819 4270 sele
834 4209 945 4284 domi
954 4217 1090 4270 unu-ut

868 4325 900 4366 l
