3417 4934
342 448 381 507 14
802 447 956 503 curnem!

339 630 402 686 erat
417 629 524 703 operto
540 622 646 704 capite,
662 622 710 684 illa
724 623 838 687 scilicet
852 641 929 704 quae
940 621 1110 704 pauloante
1122 639 1190 683 eum
1200 620 1314 684 rustico
1325 630 1417 685 stete·
1433 629 1466 684 lc

340 715 395 783 rat,
419 716 448 769 et
470 713 527 769 ‘me
550 707 699 771 derisisse'
720 708 820 789 inquit
841 714 903 772 ‘vos
924 705 1096 792 putabatis?
1140 725 1195 787 ego
1219 725 1286 769 sum
1312 708 1420 771 ancilla

303 804 318 854 t
340 793 511 869 Quartillae,
534 793 619 857 cuius
640 813 692 857 vos
715 813 832 857 sacrum
847 804 918 857 ante
932 801 1066 875 cryptam
1081 791 1233 860 turbastis.
1270 811 1342 856 ecce
1357 794 1420 875 ipsa

340 879 421 941 venit
434 880 471 942 ad
486 880 635 943 stabulum
651 880 784 960 petitque
800 891 833 943 ut
847 880 1002 943 vobiscum
1017 878 1100 959 loqui
1114 879 1211 941 liceat.
1242 878 1334 942 nolite
1350 898 1421 962 per-

341 965 466 1027 turbari.
510 984 567 1029 nec
590 974 709 1029 accusat
724 985 859 1029 errorem
872 977 1004 1029 vestrum
1020 983 1077 1027 nec
1092 965 1190 1044 punit,
1212 965 1304 1027 immo
1319 966 1420 1047 potius
1440 979 1455 1031 t

340 1052 475 1134 miratur,
499 1052 566 1131 quis
580 1051 654 1115 deus
669 1052 791 1115 iuvenes
805 1061 865 1115 tam
881 1051 1014 1116 urbanos
1033 1050 1064 1112 in
1085 1068 1169 1112 suam
1191 1050 1345 1131 regionem
1369 1051 1420 1114 de-

291 1132 331 1202 17
339 1136 460 1199 tulerit!
481 1137 650 1201 tacentibus
665 1138 761 1202 adhue
773 1139 862 1201 nobis
874 1147 904 1201 et
915 1139 950 1201 ad
963 1144 1100 1200 neutram
1113 1145 1228 1218 partem
1239 1135 1422 1199 adsentatio-

340 1241 409 1285 nem
425 1222 614 1287 flectentibus
629 1225 748 1287 intravit
770 1226 844 1305 ipsa,
866 1243 925 1287 una
946 1224 1085 1286 comitata
1107 1222 1232 1302 virgine,
1252 1222 1423 1303 sedensque

302 1318 317 1369 2
340 1327 432 1389 super
453 1317 553 1372 torum
577 1328 677 1372 mcum
699 1310 750 1373 diu
772 1310 862 1375 llevit.
899 1329 933 1373 ac
955 1329 995 1372 ne
1016 1318 1090 1371 tune
1113 1307 1232 1387 quidem
1255 1326 1311 1371 nos
1326 1308 1422 1371 ullum

338 1394 500 1458 adiecimus
511 1394 646 1477 verbum,
661 1397 713 1458 sed
725 1396 842 1459 attoniti
854 1395 1075 1477 expectavimus
1085 1393 1221 1456 lacrimas
1235 1394 1271 1455 ad
1287 1401 1420 1456 ostenta·
1441 1406 1466 1458 tt

300 1491 315 1541 3
336 1480 450 1542 tionem
464 1480 576 1544 doloris
591 1490 718 1562 paratas.
753 1490 785 1545 ut
800 1500 872 1563 ergo
888 1490 948 1543 tam
964 1480 1138 1543 ambitiosus
1152 1480 1299 1543 detumuit
1312 1478 1421 1561 imber,

338 1566 445 1628 retexit
459 1567 625 1647 superbum
640 1566 730 1648 pallio
746 1577 836 1649 caput
851 1579 882 1630 et
896 1566 1034 1629 manibus
1048 1566 1128 1627 inter
1143 1586 1175 1628 se
1189 1584 1285 1645 usque
1300 1565 1337 1626 ad
1349 1566 1422 1628 arti·

300 1662 315 1712 4
337 1652 473 1714 culorum
484 1654 641 1733 strepitum
657 1654 827 1716 constrictis
838 1649 995 1734 ‘quaenam
1008 1650 1062 1715 est’
1077 1652 1176 1731 inquit
1189 1652 1272 1714 ‘baec
1287 1651 1422 1729 audacia,

336 1746 388 1798 aut
402 1735 454 1799 ubi
469 1737 583 1802 fabulas
598 1738 686 1801 etiam
701 1748 891 1802 antecessura
905 1738 1061 1802 latrocinia
1076 1736 1241 1800 didicistis?
1270 1737 1419 1800 misereor

336 1821 538 1886 mediusfidius
558 1825 663 1899 vestri;
685 1844 785 1905 neque
806 1826 886 1889 enim
908 1826 1031 1905 impune
1057 1824 1213 1903 quisquam
1241 1824 1321 1905 quod
1348 1841 1413 1885 non
1439 1835 1465 1887 15

300 1920 315 1969 5
337 1907 428 1983 licuit,
444 1909 585 1989 adspexit.
622 1910 725 1990 utique
741 1919 843 1973 nostra
858 1912 942 1991 regio
964 1920 1025 1973 tam
1040 1909 1248 1990 praesentibus
1270 1908 1358 1988 plena
1375 1919 1421 1971 est

302 2006 317 2054 3
341 1992 524 2067 numinibus,
540 2004 574 2058 ut
588 1996 703 2059 lacilius
718 1998 815 2077 possis
829 1997 918 2059 deum
935 2015 1023 2076 quam
1040 1995 1193 2057 bominem
1208 1994 1353 2056 invenire.
1388 2013 1424 2057 ae

341 2099 378 2141 ne
402 2098 449 2141 me
471 2082 581 2160 putetis
603 2082 729 2145 ultionis
751 2101 839 2144 causa
862 2084 922 2145 buc
943 2081 1069 2155 venisse,
1092 2089 1187 2142 aetate
1210 2080 1304 2160 magis
1325 2089 1423 2143 vestra

235 2180 237 2184 ·
341 2183 533 2228 commoveor
548 2185 636 2246 quam
652 2168 762 2230 iniuria
778 2187 852 2229 mea.
884 2168 1090 2248 imprudentes
1105 2166 1195 2239 enim,
1211 2174 1245 2227 nt
1258 2166 1356 2228 adhuc
1367 2186 1424 2249 pu·

302 2264 316 2313 7
339 2259 381 2326 to,
404 2251 563 2314 admisistis
585 2253 762 2333 inexpiabile
783 2253 890 2316 scelus.
920 2254 982 2333 ipsa
998 2252 1118 2331 quidem
1140 2251 1188 2312 illa
1211 2259 1300 2313 nocte
1315 2261 1419 2315 vexata
1438 2263 1465 2314 ut

341 2345 399 2399 tam
415 2337 586 2417 periculoso
602 2338 739 2401 inhorrui
756 2339 878 2419 frigore,
900 2348 935 2401 ut
949 2337 1094 2399 tertianae
1109 2338 1198 2398 ctiam
1219 2338 1364 2417 impetum
1386 2338 1424 2400 ti·

342 2442 447 2487 meam.
492 2431 523 2485 et
544 2424 611 2486 ideo
634 2423 811 2486 medicinam
831 2425 949 2488 somnio
964 2424 1037 2504 petii
1053 2424 1191 2502 iussaque
1206 2441 1271 2485 sum
1286 2442 1339 2485 vos
1353 2443 1424 2505 pcr-

303 2518 318 2569 3
341 2510 461 2589 quirerc
476 2518 565 2590 atque
580 2509 724 2590 impetum
741 2511 838 2573 morbi
857 2517 1022 2572 monstrata
1037 2508 1200 2571 subtilitate
1221 2509 1326 2571 lenire.
1372 2509 1424 2572 sed

341 2596 378 2657 de
393 2595 525 2657 remedio
548 2615 609 2658 non
633 2605 692 2658 tam
714 2596 796 2659 valde
818 2596 939 2671 laboro;
968 2595 1062 2657 maior
1084 2594 1165 2657 enim
1187 2594 1218 2656 in
1242 2595 1425 2675 praecordiis

340 2681 427 2743 dolor
441 2682 541 2756 saevit,
564 2682 614 2762 qui
636 2700 685 2744 me
707 2700 802 2762 usquc
821 2684 857 2744 ad
878 2682 1085 2745 necessitatem
1106 2681 1210 2743 mortis
1231 2680 1359 2761 deducit,
1382 2700 1421 2744 ne
1441 2692 1466 2743 tt

341 2768 457 2831 scilieet
478 2768 599 2830 iuvenili
622 2768 741 2849 impulsi
763 2768 884 2830 licentia
907 2766 987 2847 quod
1010 2769 1040 2828 in
1064 2765 1172 2827 sacello
1188 2766 1287 2847 Priapi
1302 2768 1424 2845 vidistis,

303 2864 318 2914 3
339 2853 465 2934 vulgetis
486 2855 673 2932 deorumque
694 2852 818 2915 consilia
838 2852 999 2933 proferatis
1021 2853 1051 2913 in
1074 2850 1230 2930 populum.
1274 2853 1422 2933 protendo

342 2939 432 3019 igitur
446 2940 482 2999 ad
498 2956 596 3019 genua
610 2946 706 2998 vestra
721 2936 844 3017 supinas
860 2955 967 2998 manus
982 2945 1113 3017 petoque
1128 2944 1159 2998 et
1170 2954 1233 3014 oro,
1248 2957 1287 3000 ne
1299 2946 1423 3001 noetur-

343 3042 397 3086 nas
411 3023 573 3102 religiones
588 3024 688 3085 iocum
703 3023 858 3102 risumque
873 3022 996 3097 laniatis,
1012 3041 1086 3083 neve
1101 3022 1258 3085 traducere
1272 3025 1369 3088 velitis
1378 3033 1423 3087 tot

343 3126 493 3172 annorum
507 3117 633 3183 secreta,
649 3127 724 3189 quac
739 3109 787 3170 vix
801 3108 882 3171 mille
896 3107 1035 3171 homines
1050 3104 1219 3170 noverunt!
1440 3120 1466 3170 a]

293 3192 336 3261 18
429 3195 595 3258 secundum
610 3195 688 3257 hanc
703 3194 944 3275 deprecationem
961 3194 1097 3257 lacrimas
1119 3212 1223 3257 rursus
1245 3195 1350 3258 effudit
1372 3216 1423 3277 ge·

344 3280 525 3363 mitibusque
540 3281 630 3362 largis
653 3298 798 3343 concussa
820 3289 882 3342 tota
904 3280 979 3342 facie
1001 3298 1036 3342 ac
1057 3287 1180 3360 pectore
1201 3287 1301 3342 torum
1322 3301 1423 3345 meum

306 3382 321 3431 2
343 3368 462 3449 pressit.
500 3385 555 3448 ego
572 3368 677 3430 eodem
699 3376 836 3448 tempore
859 3375 889 3429 et
910 3366 1115 3429 misericordia
1137 3364 1274 3429 turbatus
1289 3376 1319 3430 et
1335 3378 1424 3453 metu,

343 3455 459 3516 bonum
474 3454 606 3516 animum
622 3453 731 3516 habere
754 3471 818 3515 eam
842 3453 914 3516 iussi
936 3460 966 3514 et
988 3452 1024 3514 de
1045 3461 1176 3533 utroque
1190 3470 1255 3516 esse
1270 3472 1421 3517 securam:

306 3554 321 3602 3
344 3559 414 3603 nam
436 3558 535 3619 neque
551 3558 634 3603 sacra
651 3557 828 3620 quemquam
844 3539 1041 3619 vulgaturum,
1065 3539 1142 3601 etsi
1164 3539 1244 3618 quod
1265 3549 1420 3621 praeterea
1440 3548 1466 3599 35

344 3626 423 3689 aliud
449 3626 612 3687 remedium
637 3628 673 3689 ad
698 3626 855 3689 tertianam
880 3625 953 3688 deus
975 3624 1017 3687 illi
1039 3634 1243 3705 monstrasset,
1269 3626 1420 3690 adiuvatu-

309 3724 323 3774 t
345 3732 396 3775 ros
411 3732 467 3775 nos
482 3711 611 3773 divinam
626 3712 843 3793 providentiam
858 3710 904 3773 vel
918 3711 1052 3792 periculo
1069 3720 1183 3775 nostro.
1220 3712 1341 3774 hilarior
1355 3722 1424 3795 post

345 3800 424 3862 hano
439 3797 684 3881 pollicitationem
700 3799 775 3860 lacta
790 3798 899 3860 mulier
913 3798 1037 3860 basiavit
1054 3816 1102 3860 me
1121 3798 1254 3877 spissius,
1272 3805 1303 3858 et
1321 3817 1358 3860 ex
1379 3799 1422 3862 la-

434 3972 446 4021 1
466 3967 552 4020 illa-
565 3970 672 4019 steterat
684 3971 814 4033 tanquam
826 3984 862 4018 cm
870 3983 898 4033 p.
911 3969 952 4031 12,
961 3968 995 4020 34
1004 3966 1195 4031 molerepetc'ta
1205 3965 1341 4017 Iacodriue
1350 3969 1422 4020 dom-

345 4038 429 4088 nabat
445 4036 455 4104 l
474 4038 490 4089 3
508 4050 604 4088 sacram
625 4035 704 4102 Oli
724 4039 808 4088 autem
828 4034 911 4087 adbuc
927 4036 970 4086 ool
991 4033 1075 4086 adbuc
1097 4037 1183 4085 autem
1207 4033 1271 4084 libra·
1293 4036 1397 4102 aliquot
1413 4039 1422 4107 ΙΙ

348 4108 380 4160 10
400 4103 574 4173 spectavimus
593 4103 762 4171 Sambucaul
777 4106 806 4158 11
825 4109 854 4157 ut
872 4118 934 4157 vero
951 4104 974 4156 12
989 4103 994 4171 Ι
1026 4100 1166 4170 detonuit!
1180 4104 1213 4154 20
1231 4102 1299 4154 curis
1315 4111 1367 4156 cut
1382 4107 1421 4159 in·

346 4173 454 4225 somniis
472 4176 597 4224 omanem
614 4178 680 4240 puto
693 4176 756 4225 ante
766 4177 858 4226 vexata
871 4172 882 4243 Ι
895 4174 928 4226 22
941 4186 1031 4225 somno
1043 4170 1054 4239 l
1068 4172 1101 4224 23
1114 4170 1264 4224 salubritate
1278 4172 1402 4227 Heinsius
1412 4176 1422 4246 ΙΙ

346 4244 379 4296 26
397 4242 510 4311 impulsu
527 4241 657 4295 licentiam
675 4241 696 4294 0
