3417 4934
399 492 441 552 80
861 490 1019 545 Putnotttt

932 685 951 719 Q

353 762 380 813 12
487 769 537 813 me
547 749 622 811 nihil
632 750 726 830 magis
735 750 899 831 pungebat,
910 768 1000 830 quam
1012 770 1051 813 ne
1062 750 1490 837 Eumolpussensissetqffl

399 837 472 917 quid
486 835 560 898 illud
575 836 681 905 luerat,
697 845 727 897 et
741 837 831 898 homo
847 835 1051 899 dicacissimus
1065 836 1249 901 carminibus
1263 839 1426 904 vindicaret

931 939 951 974 ἥ

353 1018 380 1068 tt
488 1006 567 1068 iurat
582 1004 747 1086 Eumolpus
761 1005 860 1069 verbis
874 1007 1116 1087 conceptissimis

928 1111 949 1147 ἱ

330 1173 396 1241 114
488 1176 559 1238 dum
574 1176 647 1237 haec
668 1175 796 1255 taliaque
817 1178 968 1259 iactamus,
985 1177 1136 1240 inhorruit
1151 1195 1232 1240 mare
1253 1176 1410 1258 nubesque
1423 1196 1468 1241 nu·

398 1261 490 1342 dique
504 1261 650 1323 adductae
673 1259 803 1323 obruere
824 1263 959 1326 tenebris
988 1263 1077 1325 diem.
1121 1262 1296 1325 discurrunt
1318 1272 1424 1327 nautae
1441 1262 1491 1328 alt

363 1358 378 1407 t
400 1348 498 1409 officia
513 1346 698 1427 trepidantes
711 1346 835 1427 velaque
849 1349 1019 1429 tempestati
1033 1347 1217 1411 subducunt
1245 1347 1299 1411 sed
1312 1368 1371 1411 neo
1384 1357 1469 1413 cedas

398 1432 507 1495 fluctus
521 1441 628 1494 uentus
642 1430 810 1512 impulerat,
826 1451 884 1495 nec
899 1452 959 1513 quo
975 1434 1140 1496 destinaret
1150 1451 1283 1510 comum,
1298 1434 1469 1515 gubernata

362 1531 377 1577 :a
399 1517 520 1580 sciebat
550 1516 681 1578 Siciliam
696 1518 785 1579 modo
800 1528 908 1581 ventus
919 1519 1016 1594 dabat,
1031 1520 1203 1599 saepissime
1218 1514 1263 1666 [ἑο
1279 1514 1377 1605 oram]
1390 1519 1469 1582 ltaliti

397 1603 492 1666 litoris
514 1601 615 1681 aquilo
638 1619 794 1681 possessor
815 1604 1010 1667 convertebat
1030 1606 1089 1667 huc
1111 1604 1217 1667 illuco
1240 1605 1362 1668 noxiam
1377 1615 1468 1682 ratem,

397 1698 427 1750 et
450 1688 530 1768 quod
545 1686 687 1750 omnibus
700 1688 840 1767 procellis
855 1690 1054 1769 periculosius
1069 1699 1141 1763 erat,
1156 1699 1215 1752 tam
1227 1690 1342 1771 spissae
1356 1698 1502 1772 rcpentsu

397 1771 539 1835 tenebrae
554 1772 653 1833 lucem
668 1785 907 1853 suppresserant,
928 1784 962 1837 ut
983 1794 1022 1837 oe
1042 1793 1163 1856 proram
1179 1775 1301 1855 quidem
1315 1785 1409 1838 totam
1424 1793 1469 1857 gn·

362 1871 376 1918 s
397 1858 541 1920 bernator
554 1857 677 1919 rideret.
706 1859 807 1939 itaque
821 1861 959 1923 hercules
974 1872 1134 1941 postquam
1149 1862 1305 1923 manifesta
1328 1881 1349 1917 s
1372 1879 1469 1924 consa·

362 1956 377 2003 5
397 1944 462 2017 luit
484 1942 592 2005 Lichas
611 1944 765 2023 trepidans
784 1945 820 2007 ad
843 1964 891 2007 mc
909 1947 1035 2025 supinas
1055 1947 1182 2027 porrigit
1196 1965 1304 2009 manus
1320 1954 1350 2008 ct
1365 1945 1418 2009 ‘tn’
1431 1947 1469 2009 ir·

397 2030 463 2108 quit
478 2027 627 2109 ‘Encolpi
648 2047 793 2092 succurre
814 2031 1055 2110 periclitantibus
1077 2041 1107 2093 et
1126 2041 1239 2094 restem
1254 2031 1335 2093 illam
1350 2032 1469 2095 divim

396 2115 581 2195 sistrumque
596 2112 687 2176 redde
703 2116 829 2195 navigio.
859 2135 915 2196 per
938 2118 1040 2190 fidem,
1062 2118 1213 2190 miserere,
1229 2118 1470 2196 quemadmodum
1484 2125 1514 2188 ul

397 2199 518 2279 quidem
532 2196 630 2261 soles'.

361 2296 376 2343 a
483 2294 514 2347 et
536 2283 621 2346 illum
644 2284 763 2363 quidem
783 2286 995 2349 vonderantem
1010 2287 1042 2348 in
1057 2303 1140 2348 mare
1154 2295 1261 2348 ventus
1276 2288 1417 2363 excussit
1431 2304 1471 2348 re·

396 2370 584 2451 petitumque
612 2368 724 2435 iniesto
753 2372 872 2452 gurgite
899 2373 1033 2453 procella
1063 2371 1240 2451 circumegit
1260 2379 1352 2451 atque
1374 2372 1471 2436 harrsit

360 2467 374 2516 t
398 2455 604 2538 Tryphaenam
621 2465 722 2519 autem
742 2474 839 2539 prope
860 2458 918 2519 iam
1027 2456 1190 2520 fidelissimi
1204 2465 1375 2536 rapuerant
1394 2456 1470 2530 servi,

394 2542 582 2622 scaphaeque
603 2540 771 2623 impositam
792 2560 861 2604 cum
882 2544 1008 2605 maxima
1024 2542 1209 2606 sarcinarum
1229 2551 1314 2623 parte
1329 2542 1505 2612 abderama

394 2629 576 2692 certissimae
591 2630 680 2691 morti

359 2808 374 2856 8
396 2797 554 2878 applicitus
569 2817 637 2862 cum
660 2800 791 2862 clamore
811 2798 879 2859 llevi
898 2806 929 2860 et
948 2795 1023 2859 ‘boc’
1046 2798 1169 2877 iuquam
1191 2799 1218 2858 ‘a
1233 2796 1288 2859 diis
1302 2798 1472 2872 meruimus,

394 2891 430 2944 ut
445 2902 501 2946 nos
516 2884 580 2946 sola
593 2893 691 2946 morte
706 2880 952 2962 coniungerent?
972 2883 1025 2945 sed
1042 2903 1102 2945 non
1119 2882 1249 2945 crudelis
1266 2884 1389 2945 fortuna
1404 2901 1472 2945 cor·

359 2979 374 3028 9
396 2968 481 3034 cedit
514 2987 584 3030 ecce
598 2970 656 3031 iam
672 2977 766 3031 ratem
780 2970 889 3031 linctus
904 2977 1026 3043 evertet,
1046 2987 1117 3031 ecce
1132 2969 1188 3030 iam
1205 2967 1361 3047 amplexus
1375 2986 1472 3031 annn-

394 3052 468 3113 tium
484 3053 593 3116 iratum
607 3054 718 3117 dividet
733 3072 823 3116 mare.
852 3054 954 3134 igitur,
977 3054 1002 3116 si
1017 3072 1087 3116 vere
1101 3052 1270 3134 Encolpion
1288 3053 1427 3128 dilexisti,
1440 3052 1472 3116 tlt
1487 3069 1508 3124 at

394 3138 506 3214 oscula,
521 3139 594 3200 dum
608 3140 688 3214 licet,
710 3149 738 3201 et
759 3140 897 3201 ultimum
918 3140 978 3201 boc
998 3140 1139 3220 gaudium
1160 3140 1227 3202 fatis
1242 3139 1472 3219 properantibus

347 3233 375 3283 10
397 3221 487 3303 rape’.
516 3225 588 3286 haec
609 3236 644 3288 ut
662 3244 720 3306 ego
740 3224 809 3301 dixi,
827 3225 917 3288 Giton
933 3234 1045 3288 restem
1059 3225 1208 3305 deposuit,
1229 3241 1356 3305 meaque
1376 3225 1472 3288 tunica

395 3317 552 3372 contectus
567 3311 683 3373 exeruit
701 3311 738 3373 ad
760 3311 895 3374 osculum
910 3320 1011 3391 caput.
1041 3319 1071 3372 et
1085 3330 1124 3373 ne
1145 3311 1188 3373 sic
1203 3309 1401 3375 cohaerentes
1414 3327 1473 3373 mr·

393 3394 505 3473 bgnior
517 3395 626 3459 fluctus
640 3396 826 3472 distraheret,
848 3405 1012 3477 utrumque
1035 3415 1111 3458 zona
1126 3395 1374 3458 circumvenienti
1388 3414 1472 3479 prae·

346 3488 373 3539 11
396 3479 489 3540 cinxit
503 3489 534 3542 et
547 3481 584 3542 ‘si
604 3481 680 3544 nihil
699 3482 789 3556 aliud,
812 3491 895 3544 certe
916 3478 1036 3545 diutius'
1056 3482 1154 3561 inquit
1175 3483 1304 3543 ‘iunctos
1324 3499 1382 3544 nos
1395 3497 1509 3552 maran

393 3566 478 3633 feret,
494 3566 540 3627 vel
555 3566 580 3627 si
593 3567 721 3629 voluerit
734 3567 904 3630 misericors
917 3567 953 3628 ad
969 3568 1048 3630 idem
1063 3566 1133 3630 litus
1148 3566 1306 3649 expellere,
1320 3574 1374 3628 aut
1387 3585 1472 3649 prse-

393 3650 506 3713 teriens
520 3650 627 3729 aliquis
641 3652 785 3714 tralaticia
806 3653 992 3716 humanitate
1008 3652 1158 3733 lapidabit,
1172 3661 1224 3714 aut
1238 3651 1320 3731 quod
1334 3653 1471 3715 ultimum

347 3746 374 3797 12
397 3745 443 3798 est
456 3736 539 3798 iratis
553 3736 641 3798 etiam
664 3736 813 3812 fluctibus,
834 3739 1011 3819 imprudens
1032 3739 1144 3800 harena
1165 3734 1346 3818 componet’.
1375 3739 1472 3819 patior

481 3926 493 3975 1
513 3920 680 3991 pudehstlld
697 3928 784 3976 certus
801 3923 1020 3988 laniger-mannus
1040 3921 1051 3991 l
1074 3924 1089 3975 8
1107 3924 1217 3975 ineram
1234 3938 1292 3973 aaa
1309 3922 1390 3974 habat
1408 3921 1471 3976 Ter·

393 3994 540 4045 naaman:
558 4007 613 4044 non
621 3991 748 4043 catanam
760 3993 827 4044 baso
838 3995 956 4057 integra,
974 3993 1162 4058 temptavimus
1173 3996 1251 4044 notus
1263 3988 1350 4057 dabat,
1368 3990 1471 4059 saepius

393 4063 419 4113 in
445 4075 516 4113 mare
537 4060 547 4126 Ι
569 4063 586 4114 9
603 4063 701 4127 parcen
723 4058 733 4126 Ι
755 4061 788 4113 tt
813 4059 941 4123 herentes]
970 4060 1054 4112 lause
1070 4058 1179 4127 periculi
1209 4057 1370 4111 eocnbelun
1395 4063 1473 4126 pasta,

472 4144 555 4196 wass
572 4131 721 4181 sensnum
737 4125 884 4192 summam!
900 4130 967 4180 base
984 4132 1045 4195 post
1082 4142 1124 4179 ιιι
1141 4127 1219 4180 maris
1240 4128 1277 4180 ira
1295 4125 1392 4179 infesta
1410 4141 1471 4181 con·

390 4144 495 4265 ml
511 4200 544 4253 14
560 4200 598 4263 et]
615 4195 643 4250 ld
659 4197 722 4263 est!
737 4200 770 4252 td
785 4194 904 4259 sortasse
921 4196 1026 4249 solebas
1046 4143 1110 4262 qun
1129 4198 1234 4249 maci
1256 4192 1472 4266 abreptamque!

392 4267 425 4318 2³
443 4264 489 4318 sed
507 4280 540 4318 ne
559 4266 608 4319 hoc
625 4264 729 4334 quidem
747 4265 942 4331 Burmannus!
956 4267 989 4320 25
1009 4262 1041 4317 sd
1059 4263 1148 4317 osenla
1163 4266 1169 4333 Ι
1184 4267 1217 4319 30
1234 4264 1322 4318 innata
1340 4277 1390 4318 nos
1401 4279 1470 4318 mors
