3417 4934
758 457 914 512 servunt
1338 458 1376 516 15
1486 480 1488 484 ·

304 637 395 703 onmis
409 637 442 699 iu
457 635 551 699 risum
567 640 649 696 mota
664 632 881 696 descendentes
895 631 933 694 ab
953 651 1026 695 aure
1047 632 1170 713 capillos
1203 651 1286 695 meos
1307 634 1386 696 lenta

304 722 485 789 manuduxit
503 720 510 803 Ι
528 727 558 782 et
573 718 672 782 ‘facio’
687 719 786 799 iuquit
800 718 942 781 ‘indutias
956 716 1122 798 vobiscum,
1147 725 1177 780 et
1193 736 1210 780 a
1225 720 1386 782 constituta
1410 730 1425 779 5

304 812 346 875 lite
360 808 488 873 dimitto.
525 804 607 885 quod
626 807 632 884 Ι
651 805 676 867 si
698 824 760 867 non
782 804 962 868 adnuissetis
983 804 1021 866 de
1043 804 1100 865 hac
1124 804 1272 867 medicina
1296 824 1385 886 quam

304 905 378 979 peto,
392 896 450 957 iam
464 899 570 976 parata
581 898 645 953 erat
656 891 685 952 in
700 890 863 953 crastinum
878 889 977 967 turba,
993 908 1069 970 qnae
1086 897 1116 952 et
1130 890 1272 953 iniuriam
1290 910 1385 955 meam

306 982 461 1047 vindicaret
477 987 506 1041 et
522 976 711 1058 dignitatem:

451 1062 606 1128 contemni
624 1073 713 1144 turpe
729 1072 783 1142 est,
797 1061 894 1141 legem
908 1062 1022 1124 donare
1038 1060 1218 1141 superbum;
1406 1072 1422 1121 o

493 1150 552 1212 hoc
566 1167 647 1224 amo,
662 1149 743 1229 quod
760 1166 883 1229 possum
899 1165 958 1227 qua
973 1146 1046 1209 libet
1059 1146 1104 1209 ire
1117 1146 1174 1208 ria.

449 1253 521 1298 nam
534 1253 608 1299 sane
623 1244 654 1297 et
669 1234 789 1315 sapiens
805 1241 998 1314 contemptus
1013 1232 1108 1312 iurgia
1124 1232 1228 1309 nectit,

498 1320 593 1401 etqui
611 1339 675 1382 noo
694 1320 818 1400 iugulat,
833 1319 929 1381 victor
944 1318 1026 1381 abire
1042 1315 1127 1381 solet’

838 1426 855 1463 a

283 1506 295 1556 t
382 1490 548 1572 complosis
570 1491 680 1554 deinde
702 1490 841 1553 manibus
860 1491 892 1553 io
909 1497 1026 1553 tantum
1042 1498 1168 1571 repente
1183 1488 1277 1552 risum
1292 1491 1387 1553 ellusa
1409 1502 1423 1551 7

312 1584 355 1657 est,
373 1586 409 1641 ut
431 1577 614 1640 timeremus.
658 1577 738 1639 idem
759 1595 796 1639 ex
817 1577 909 1639 altera
930 1584 1015 1659 parte
1036 1585 1067 1639 et
1089 1574 1195 1638 ancilla
1210 1574 1289 1661 iecit,
1309 1594 1386 1656 quae

310 1663 382 1743 prior
409 1671 541 1743 venerat,
566 1661 646 1725 idem
667 1662 854 1744 virguncula,
880 1680 957 1743 quae
982 1680 1043 1723 noa
1071 1662 1241 1724 intraverat.
1285 1661 1384 1723 omnia
1396 1658 1438 1728 19

310 1749 420 1812 mimico
436 1749 500 1811 risu
515 1758 728 1824 monuerant,
751 1767 819 1811 cum
835 1749 957 1811 interim
974 1766 1040 1827 nos,
1059 1765 1136 1829 quae
1151 1756 1212 1809 mm
1227 1747 1385 1828 repentina

309 1844 380 1899 esset
399 1835 526 1897 mutatio
553 1834 720 1896 animorum
748 1835 833 1914 lacta,
858 1835 1067 1915 ignoraremus
1092 1852 1127 1895 ac
1152 1832 1241 1895 modo
1268 1842 1387 1896 nosmet

277 1919 385 2003 ltipsos
401 1921 490 1984 modo
506 1920 649 1983 mulieres
664 1922 851 1983 intueremur

839 2028 854 2065 *

284 2100 297 2152 l
382 2088 389 2176 Ι
409 2091 487 2154 ‘idco
502 2091 582 2153 vetui
597 2092 686 2154 hodie
702 2092 732 2153 in
748 2092 807 2155 hoc
822 2092 994 2155 deversorio
1015 2110 1197 2172 quemquam
1217 2091 1386 2153 mortalium
1407 2107 1422 2156 2

262 2193 264 2232 ε
308 2177 429 2252 admitti,
450 2185 484 2239 ut
504 2176 671 2239 remedium
693 2178 838 2241 tertianae
858 2178 924 2241 sine
939 2177 998 2239 ulla
1013 2177 1255 2259 interpellatione
1270 2196 1287 2239 a
1302 2176 1386 2239 vobis

261 2257 265 2356 j
307 2261 490 2345 acciperem'
526 2271 561 2325 ¹¹t
582 2263 657 2325 haec
678 2263 751 2326 dixit
765 2264 921 2338 Quartilla,
936 2264 1072 2345 Ascyltos
1094 2263 1213 2343 quidem
1234 2262 1386 2344 paulisper
1405 2277 1421 2327 3

307 2347 470 2429 obstupuit,
486 2367 542 2428 ego
556 2357 657 2412 autem
670 2350 806 2430 frigidior
821 2350 919 2413 hieme
934 2348 1045 2412 Gallica
1059 2351 1155 2412 lactus
1171 2348 1286 2410 nullum
1301 2350 1384 2430 potui

274 2434 430 2497 acerbum
449 2435 594 2497 emittere.
638 2435 691 2498 sed
713 2436 844 2516 nequid
868 2435 982 2498 tristius
1008 2444 1205 2518 expectarem,
1230 2435 1387 2497 comitatus
1408 2449 1423 2499 4

307 2518 444 2585 iaciebat.
487 2528 547 2584 tres
571 2520 653 2583 enim
674 2530 760 2584 erant
781 2521 982 2600 mulierculae,
1005 2522 1029 2584 si
1052 2522 1125 2601 quid
1143 2521 1254 2583 vellent
1273 2519 1385 2597 conari,

306 2604 538 2686 infirmissimae,
556 2606 671 2669 scilicet
692 2616 796 2669 contra
821 2626 886 2688 nos,
909 2607 1012 2689 prae
1033 2607 1058 2668 si
1081 2606 1155 2668 nihil
1177 2606 1267 2682 aliud,
1293 2605 1386 2667 virilis

306 2710 394 2755 sexus
410 2698 501 2753 esset.
523 2702 551 2755 et
564 2692 728 2774 praecincti
743 2702 824 2756 certe
839 2692 927 2755 altius
942 2710 1070 2755 eramus.
1092 2693 1183 2753 immo
1199 2709 1256 2771 ego
1271 2692 1315 2755 sic
1326 2691 1384 2753 iam
1406 2705 1421 2754 5

306 2777 385 2857 paria
402 2794 638 2857 composueram,
662 2788 697 2841 ut
710 2780 735 2841 si
751 2778 983 2860 depugnandum
1006 2779 1093 2863 foret,
1114 2778 1179 2859 ipse
1201 2796 1270 2840 cum
1285 2777 1381 2851 Quar-

269 2874 289 2925 tt
306 2862 363 2925 tilla
379 2863 587 2944 consisterem,
601 2865 737 2947 Ascyltos
753 2883 821 2928 cum
837 2865 954 2940 ancilla,
970 2864 1059 2926 Giton
1076 2882 1146 2926 oum
1160 2863 1276 2944 virgine

840 2972 857 3009 ἡ

391 3044 467 3096 tunc
487 3051 559 3097 vero
582 3034 691 3099 excidit
712 3037 812 3100 omnis
828 3036 996 3100 constantia
1010 3036 1154 3113 attonitis,
1177 3043 1207 3098 et
1220 3054 1302 3099 mors
1325 3055 1386 3098 non
1408 3046 1424 3095 6

308 3116 395 3182 dubia
409 3118 591 3183 miserorum
606 3121 710 3185 oculos
725 3123 825 3204 coepit
840 3122 991 3185 obducere

828 3227 857 3268 'ss

389 3289 483 3373 ‘rogo’
498 3290 623 3371 inquam
637 3294 778 3371 ‘domina
794 3295 819 3357 si
836 3294 907 3375 quid
922 3292 1037 3356 tristius
1051 3312 1147 3375 paras,
1169 3292 1296 3356 celerius
1311 3311 1384 3354 con·
1393 3291 1437 3359 20

306 3376 376 3453 ilce;
400 3394 499 3458 neque
515 3377 596 3439 enim
611 3386 671 3441 tam
686 3398 827 3461 magnum
844 3380 961 3443 facinus
975 3380 1157 3454 admisimus,
1179 3388 1213 3442 ut
1227 3378 1386 3441 debeamus

264 3464 378 3525 amati
392 3462 504 3544 perire'

839 3574 856 3613 ὴ

388 3633 497 3697 ancilla
513 3652 589 3715 quae
604 3634 718 3717 Psyche
734 3639 906 3715 vocabatur,
928 3636 1086 3701 lodiculam
1102 3636 1134 3699 in
1154 3636 1321 3719 pavimento
1341 3637 1386 3699 di·
1407 3649 1422 3699 2

301 3717 433 3799 ligentur
446 3721 581 3785 extendit

840 3836 858 3872 s:

389 3890 559 3957 sollicitavit
572 3893 699 3976 inguina
713 3914 779 3959 mea
794 3898 876 3961 mille
890 3892 1111 3979 iamsmortibus
1126 3894 1231 3976 frigida

394 4115 407 4164 1
428 4116 527 4165 lentata
544 4116 588 4166 ool
605 4118 729 4182 temptate
747 4130 825 4168 manu
847 4117 858 4183 l
883 4118 899 4169 3
918 4120 1043 4184 optarem
1069 4130 1117 4167 vos
1139 4114 1185 4167 lite
1209 4113 1219 4181 l
1244 4117 1260 4167 8
1277 4112 1385 4184 flectitfl

306 4182 337 4235 ta
357 4179 439 4234 nimio
464 4181 530 4233 libra·
545 4187 658 4250 preater
674 4185 836 4237 Bononiam
857 4185 867 4253 Ι
889 4187 922 4240 23
940 4191 1019 4250 esset,
1037 4189 1064 4236 at
1081 4183 1166 4235 codex
1183 4182 1384 4249 Scaligercoue.

303 4250 329 4300 ei
344 4249 504 4319 particulos
521 4252 596 4304 locus
613 4258 673 4304 erat
689 4257 719 4305 io
733 4256 830 4321 priore
846 4257 978 4307 sententio
997 4256 1090 4321 operte
1106 4251 1203 4303 mutila
