3417 4934
757 464 906 524 cunutus

766 638 901 703 XXXIIII

396 740 470 803 Cum
485 760 603 804 sacrum
619 743 706 804 fieret
720 743 776 804 deo
792 741 893 813 salaci,

396 826 543 890 conducta
558 836 603 890 est
617 828 714 909 pretio
729 826 828 909 puella
845 844 936 906 parvo
1047 865 1049 873 =

396 913 563 975 communis
577 913 648 975 satis
663 913 803 975 omnibus
818 912 930 986 lutura,

395 1016 472 1078 quae
487 1007 561 1079 quot
576 1006 666 1060 nocte
679 999 758 1061 viros
773 997 890 1079 peregit
904 1015 974 1079 una,

333 1093 348 1142 t
393 1092 438 1146 tot
451 1101 558 1166 vcrpas
572 1082 626 1150 tibi
642 1083 758 1146 dedicat
771 1084 911 1162 salignas.

781 1233 885 1298 XXXV

395 1354 586 1429 Pedicabore,
601 1357 660 1430 fur,
676 1355 784 1429 semel;
800 1355 851 1416 sed
869 1355 948 1416 idem

396 1440 422 1502 si
437 1439 603 1520 deprensus
618 1440 677 1502 eris
692 1440 749 1517 bis,
765 1439 930 1501 irrumabo.

397 1525 517 1605 quodsi
532 1526 619 1588 tortia
634 1528 713 1588 turta
727 1524 871 1599 molleris,

395 1619 430 1671 ut
443 1628 573 1690 poenam
587 1611 700 1692 patiare
715 1620 746 1673 et
759 1611 839 1672 banc
854 1621 885 1672 et
899 1610 990 1683 illam,

397 1696 582 1776 pedicaberis
598 1695 860 1776 irrumaberisque.

776 1846 896 1910 XXXVI

394 1966 485 2028 Notas
500 1966 644 2030 babemus
660 1966 787 2048 quisque
802 1967 940 2048 corporis
955 1968 1081 2030 lormas:

395 2050 536 2113 Phoebus
551 2070 712 2151 comosus,
715 2051 862 2115 llercnles
876 2053 1051 2127 lacertosus

394 2137 486 2198 trahit
498 2138 665 2218 figuram
638 2138 762 2219 virginis
777 2145 866 2199 tener
880 2138 1023 2214 Bacchus,

394 2220 527 2284 llinerra
542 2241 612 2285 ravo
627 2224 742 2285 lumine
757 2232 812 2303 est,
826 2224 929 2286 Venus
943 2232 1046 2305 paeto,

395 2307 494 2370 ironte
509 2309 636 2371 crinitos
650 2307 780 2371 Arcades
794 2307 876 2372 vides
892 2310 1021 2384 Faunos,

394 2391 485 2456 babet
499 2393 640 2457 decentes
655 2393 780 2456 nuntius
794 2392 884 2456 deum
900 2396 1026 2476 plantas,

394 2480 487 2540 tutela
502 2478 610 2541 Lemni
624 2480 757 2572 dispares
773 2489 873 2541 movet
886 2498 1017 2561 gressus,

396 2563 516 2627 intonsa
530 2583 652 2642 semper
665 2558 842 2645 Aesculapio
859 2565 950 2627 barba
966 2575 1021 2645 est

396 2667 486 2712 nemo
502 2659 548 2713 est
562 2652 655 2712 feroci
671 2652 861 2732 pectorosior
876 2651 987 2713 llarte.

396 2736 515 2813 quod
492 2755 517 2798 sr
532 2736 600 2815 quis
615 2736 694 2798 inter
707 2737 763 2798 bos
777 2735 863 2798 locus
877 2736 950 2798 mibi
965 2746 1066 2819 restat,

394 2821 467 2883 deus
483 2821 801 2902 Priapo-mentulatior
816 2840 879 2883 non
895 2832 950 2885 est.

768 2973 901 3038 XXXVII

396 3090 456 3153 Cur
470 3092 584 3172 pictum
600 3092 725 3155 memori
740 3093 779 3155 sit
795 3093 825 3154 in
842 3092 951 3158 tabella

396 3177 572 3251 membrum,
589 3178 740 3258 quaeritis,
755 3178 836 3239 unde
852 3177 1067 3258 procreamur?

396 3280 466 3323 cum
480 3262 568 3344 penis
584 3264 655 3324 mihi
670 3264 748 3325 torte
762 3264 861 3326 laesus
876 3272 956 3327 esset

396 3347 626 3429 chirurgamque
641 3367 762 3411 manum
778 3349 869 3411 miser
884 3350 1031 3422 timerem,

397 3432 443 3495 dis
457 3452 506 3496 me
520 3434 659 3515 legitimis
675 3435 824 3515 nimIsque
840 3436 967 3513 magnis,

396 3528 431 3579 ut
446 3518 566 3580 Phoebo
581 3530 654 3600 puta
669 3520 791 3600 filioque
807 3520 932 3594 Phoebi,

396 3612 533 3666 curatum
547 3603 619 3667 darc
633 3606 796 3668 mentulam
814 3604 948 3667 verebar.

395 3688 466 3751 buic
482 3689 556 3754 dixi:
574 3690 630 3752 ‘fer
644 3709 743 3770 opem,
760 3690 877 3770 Priape,
893 3693 980 3771 parti,

396 3774 481 3837 cuins
496 3784 539 3848 tn,
555 3773 649 3856 pater,
664 3776 729 3856 ipsc
744 3793 815 3858 pars
829 3777 948 3851 videris,

298 3908 501 3920 ——a-Q

380 3976 475 4030 XXXV
493 3980 508 4031 2
526 3978 549 4030 si
585 3976 683 4031 recisus
700 3983 750 4029 aut
772 3992 882 4042 prensus
900 3977 965 4043 eris,
981 3970 1100 4032 undele
1117 3978 1141 4031 si
1159 3991 1328 4046 pronomem

295 4062 397 4109 ceram,
406 4046 544 4113 praedatus
580 4045 761 4166 aeltrcmitccpp
771 4044 877 4098 XXXVI
890 4050 903 4099 1
917 4045 1016 4099 formae
1036 4046 1228 4100 Tbtclmcumoe
1242 4046 1248 4112 Ι
1261 4048 1328 4099 4
1290 4044 1328 4097 dn

295 4115 539 4182 birontemvclgo,
557 4113 720 4181 captibosb.
760 4114 879 4165 uellet-us
880 4115 1068 4179 ‚mmmmm
1080 4114 1328 4168 dedderoutinlru

295 4197 391 4235 cornua
403 4182 518 4237 &cados
535 4183 609 4235 vides
621 4180 703 4235 Fanni
718 4183 723 4249 Ι
740 4186 771 4236 10
791 4183 855 4235 baec
866 4182 877 4251 Ι
890 4180 1005 4235 XXXVII
1017 4185 1035 4236 4
1046 4184 1271 4267 chirurgicum
1278 4182 1328 4252 pl!

295 4251 430 4320 cirngiqne
446 4251 649 4304 Laurentianus
663 4250 699 4322 ll
719 4250 858 4305 curandam
876 4252 929 4303 alit·
942 4250 948 4316 Ι
963 4252 1004 4305 9
997 4266 1054 4344 ipse
1071 4265 1120 4350 par
