3417 4934
638 468 950 525 APOCOLOCYNTOSIS

362 652 392 704 to
413 642 495 723 quod
511 641 653 704 Phoebus
667 651 736 704 ortu
750 661 870 724 semper
884 642 1013 706 obverso
1027 644 1115 718 videt,

409 728 461 790 ubi
476 727 640 790 Rhodanus
656 728 763 807 ingens
778 747 867 790 amne
881 730 1058 810 praerapido
1073 730 1147 803 duit,

410 817 545 893 Ararque
561 812 711 888 dubitans,
727 832 788 893 quo
802 833 874 877 suos
888 832 995 877 cursus
1010 823 1086 896 agat,

409 899 516 960 tacitus
532 897 641 977 quietis
656 897 749 960 adluit
765 899 843 980 ripas
861 900 949 961 vadis.

228 991 241 1045 t
408 993 493 1046 estne
509 984 558 1045 illa
573 985 661 1046 tellus
675 985 799 1063 spiritus
815 986 902 1047 altrix
918 982 993 1046 tuil’

253 1072 328 1132 haec
345 1068 415 1130 satis
430 1070 564 1131 animose
580 1080 610 1131 et
624 1070 758 1144 fortiter,
782 1071 875 1132 nihilo
892 1070 991 1133 minus
1006 1071 1115 1133 mentis
1129 1089 1201 1134 suae
1217 1090 1280 1133 non
1296 1082 1373 1134 estu

253 1165 284 1217 et
297 1155 385 1233 timet
399 1163 517 1240 μωροῦ
531 1154 672 1242 πληγήν.
690 1154 827 1218 Claudius
846 1166 880 1218 ut
895 1156 968 1216 vidit
980 1157 1076 1218 virum
1093 1156 1250 1230 valentem,
1265 1157 1342 1219 obli·

254 1251 303 1311 tas
320 1258 467 1319 nugarum
490 1240 637 1302 intellexit
661 1241 815 1304 neminem
841 1240 953 1303 Romae
968 1241 1025 1303 sibi
1041 1260 1144 1323 parem
1159 1242 1260 1320 luisse,
1281 1242 1341 1304 illic

205 1393 209 1400 ,
255 1344 319 1387 non
342 1325 455 1387 habere
475 1344 507 1387 se
531 1326 610 1387 idem
633 1327 758 1405 gratiae:
781 1326 892 1407 gallum
908 1328 938 1388 in
961 1345 1017 1388 suo
1040 1327 1216 1407 sterquilino
1247 1327 1342 1408 pluri·

223 1413 339 1474 dmum
365 1429 464 1491 posse.
498 1411 599 1491 itaque
623 1420 768 1491 quantum
791 1412 926 1493 intellegi
948 1413 1056 1492 potuit,
1085 1413 1159 1475 haec
1189 1414 1269 1476 visus
1298 1423 1372 1480 estt

252 1496 372 1559 dicere:
385 1502 451 1577 ‘ego
463 1505 507 1575 te,
519 1496 680 1559 fortissime
696 1496 822 1560 deorum
846 1498 986 1573 Hercule,
1011 1499 1125 1578 speravi
1138 1498 1211 1560 mihi
1223 1500 1342 1560 adiuto-

251 1601 323 1644 rum
337 1582 417 1663 apud
439 1582 530 1655 alios,
547 1582 617 1644 etsi
633 1582 684 1662 qui
701 1601 718 1643 a
733 1601 781 1644 me
797 1592 937 1645 notorem
961 1585 1093 1663 petisset,
1104 1592 1134 1644 te
1146 1584 1188 1646 lui
1205 1584 1342 1646 nomina·

251 1679 356 1740 turus,
373 1667 424 1747 qui
439 1686 487 1729 me
503 1669 616 1747 optime
638 1668 727 1730 nosti.
761 1686 830 1730 nam
847 1668 872 1730 si
889 1670 1032 1731 memoria
1047 1669 1173 1750 repetis,
1188 1688 1246 1749 ego
1261 1687 1341 1732 eram

253 1753 307 1834 qui
323 1752 428 1816 Tiburi
450 1763 520 1816 ante
547 1754 692 1835 templum
712 1763 798 1816 tuum
813 1755 861 1817 ius
875 1753 1010 1816 dicebam
1032 1755 1103 1817 totis
1117 1754 1224 1817 diebus
1238 1774 1343 1817 mense

213 1838 243 1894 1⁵
253 1838 331 1900 lulio
347 1848 378 1900 et
388 1840 534 1919 Augusto.
559 1848 591 1901 tu
605 1840 675 1913 seis,
687 1848 834 1920 quantum
850 1840 911 1902 illic
926 1840 1114 1902 miseriarum
1129 1841 1258 1915 tulerim,
1273 1858 1342 1903 cum
1358 1856 1372 1905 t

250 1924 421 1987 causidicos
446 1925 581 1987 audirem
601 1925 679 1987 diem
700 1935 730 1987 et
745 1934 881 2000 noctem,
901 1926 932 1987 in
949 1945 1025 2006 quos
1040 1926 1064 1989 si
1076 1926 1246 1999 incidisses,
1260 1926 1343 1987 valde

250 2009 342 2071 fortis
355 2010 426 2072 licet
439 2010 494 2071 tibi
510 2010 645 2085 videaris,
658 2011 814 2074 maluisses
837 2011 954 2073 cloacas
968 2012 1088 2092 Augeae
1104 2030 1251 2093 purgare:
1265 2011 1342 2073 mul·

251 2106 283 2157 to
299 2095 370 2176 plus
385 2114 441 2177 ego
456 2098 598 2159 stercoris
613 2097 750 2159 exhausi.
773 2097 824 2159 sed
841 2096 984 2177 quoniam
1000 2095 1078 2159 volo'

251 2270 328 2326 ‘non
345 2266 454 2328 mirum
470 2265 551 2346 quod
566 2267 724 2328 incuriam
739 2267 883 2345 impetum
899 2266 1009 2328 iecisti:
1023 2266 1097 2327 nihil
1113 2266 1167 2328 tibi
1183 2267 1274 2328 clausi
1286 2276 1342 2329 est.
1358 2266 1380 2334 8

205 2350 343 2412 eomodo
361 2350 410 2412 dic
432 2352 536 2425 nobis,
559 2352 677 2431 qualem
699 2353 789 2413 deum
804 2352 894 2413 istum
910 2352 975 2413 lieri
997 2351 1077 2413 velis.
1102 2347 1343 2437 Ἐπικούρειος

251 2438 341 2513 θεὸς
357 2454 419 2498 non
443 2446 646 2517 potestesse:
671 2440 747 2501 edre
764 2438 866 2514 αὐτὸς
889 2444 1026 2523 πρᾶγμα
1050 2439 1118 2518 ἔχει
1141 2460 1176 2501 τι
1192 2438 1269 2501 οὔτε
1284 2435 1342 2499 ἅλ-

252 2519 330 2597 λοις
345 2527 504 2607 παρέχει,·
519 2520 661 2585 Stoicus?
676 2521 829 2603 quomodo
844 2531 944 2601 potest
960 2520 1148 2584 “rotundos”
1165 2541 1239 2594 esse,
1255 2531 1290 2583 ut
1303 2522 1344 2583 ait

250 2606 355 2682 Varro,
372 2608 456 2670 “sine
471 2608 578 2688 capite,
593 2608 660 2671 sine
676 2606 875 2689 praeputio’'l
887 2617 932 2670 cst
945 2607 1058 2688 aliquid
1070 2607 1102 2669 in
1114 2607 1165 2669 illo
1177 2607 1270 2669 Stoici
1285 2607 1342 2681 dei,

250 2692 311 2754 iam
335 2692 434 2754 video:
458 2712 515 2755 neo
537 2710 590 2753 cor
613 2712 670 2755 nec
692 2702 783 2773 caput
803 2694 903 2756 habet.
935 2694 961 2756 si
976 2694 1164 2755 mehercules
1178 2711 1195 2753 a
1211 2693 1372 2757 Saturnot

207 2784 246 2839 25
258 2778 383 2858 petisset
391 2779 447 2840 hoo
455 2778 646 2851 beneficium,
654 2780 740 2840 cuius
747 2797 881 2842 mensem
891 2788 1044 2840 totoanno
1053 2778 1222 2852 celebravit,
1239 2779 1343 2840 Satur·

253 2863 380 2925 nalicius
391 2864 542 2945 princeps,
558 2882 621 2926 non
633 2863 751 2927 tulisset
765 2864 851 2937 illud,
864 2865 974 2926 nedum
990 2864 1027 2924 ab
1043 2864 1120 2939 love,
1139 2881 1229 2943 quem
1245 2882 1344 2942 quan·

252 2957 318 3010 tum
334 2948 455 3028 quidem
467 2949 497 3009 in
511 2950 562 3012 illo
577 2950 643 3025 luit,
665 2949 815 3013 damnavit
837 2949 955 3013 incesti.
986 2950 1122 3012 Silanum
1146 2949 1227 3010 enim
1251 2966 1344 3027 gene·

252 3052 320 3095 rum
335 3052 423 3096 suum
438 3036 547 3098 occidit
569 3044 729 3117 propterea
752 3036 832 3116 quod
847 3053 985 3098 sororem
999 3053 1098 3110 suam,
1122 3034 1344 3097 festivissimam

253 3120 388 3181 omnium
402 3121 579 3199 puellarum,
591 3140 680 3201 quam
696 3140 802 3184 omnes
808 3120 956 3184 Venerem
970 3129 1121 3195 vocarent,
1134 3120 1237 3182 maluit
1249 3120 1341 3181 luno-

205 3209 324 3267 Btnem
354 3222 468 3267 vocare.
509 3204 641 3287 “quare''
670 3208 769 3287 inquit
790 3210 923 3287 “quaero
946 3207 1037 3281 enim,
1060 3224 1196 3268 sororem
1218 3202 1343 3268 suaml'’

253 3291 353 3364 stulte,
374 3292 475 3353 stude:
491 3292 616 3355 Athenis
631 3292 786 3355 dimidium
801 3293 887 3366 licet,
909 3292 1106 3354 Alexandriae
1120 3302 1227 3354 totum.
1251 3290 1342 3371 “quia
1360 3304 1376 3353 t

255 3374 385 3438 Romae”
406 3377 507 3456 inquis
523 3378 646 3441 “mures
660 3379 753 3440 molas
779 3376 928 3458 lingunt.”
957 3376 1007 3439 hic
1029 3377 1118 3440 nobis
1139 3395 1228 3439 curra
1249 3376 1345 3438 corri-

254 3460 327 3543 get?
343 3463 413 3543 quid
429 3463 461 3525 in
477 3463 616 3526 cubiculo
632 3467 687 3525 suo
704 3464 801 3537 iaciat,
830 3462 935 3538 nescit,
958 3472 989 3525 et
1003 3463 1062 3525 iam
1078 3464 1173 3524 “caeli
1196 3470 1347 3524 scrutatur

255 3546 395 3629 plagas”l
417 3548 491 3611 deus
507 3550 571 3611 deri
587 3548 666 3614 volt:
690 3566 796 3630 parum
811 3557 858 3611 est
878 3549 960 3628 quod
982 3548 1128 3629 templum
1145 3548 1176 3609 in
1194 3546 1347 3607 Britannia

216 3641 246 3692 to
256 3633 360 3707 habet,
376 3634 456 3713 quod
472 3634 555 3697 hunc
569 3634 688 3697 barbari
711 3635 817 3697 colunt
831 3643 862 3698 et
878 3641 911 3696 ut
925 3636 1016 3696 deum
1036 3642 1127 3696 orant
1148 3640 1268 3716 μωροῦ
1282 3633 1347 3695 εὐι-

257 3718 360 3783 λάτου
376 3710 523 3801 ovxac'v‘l’

348 3906 381 3957 14
399 3905 444 3973 qul
467 3904 515 3958 tibi
535 3903 546 3969 i
564 3906 595 3959 15
623 3904 775 3957 contulerim
794 3904 805 3971 d
822 3906 854 3959 21
882 3907 912 3956 ds
928 3907 993 3956 οὔτε
1015 3900 1191 3956 Fromoadua
1209 3904 1214 3963 l
1234 3916 1292 3969 πριι
1308 3918 1349 3967 μα

259 3979 445 4041 εχιετ(εχιεττ
460 3974 502 4025 oei
519 3972 656 4039 apostolia·
666 3973 794 4038 rodiam:
813 3966 957 4043 πράγματ’
978 3972 1033 4038 ixei
1044 3974 1107 4022 aicta
1125 3968 1272 4021 edideram.
1306 3971 1348 4035 pi-

259 4044 322 4094 cam·
336 4057 365 4108 p.
384 4044 440 4109 tt,t
461 4040 528 4111 Va!
542 4043 575 4093 22
593 4043 672 4095 esset
689 4042 816 4094 rotundus
832 4055 1031 4108 proposueram
1042 4039 1053 4107 Ι
1066 4041 1099 4092 2⁸
1116 4038 1258 4092 saturnalia
1271 4034 1350 4105 einen

257 4112 290 4165 26
299 4110 374 4162 illum
388 4112 464 4165 deum
475 4111 508 4162 ab
516 4112 604 4163 iovem
614 4108 681 4179 qni}
694 4112 728 4164 28
737 4108 835 4162 occidit
852 4123 899 4162 oro
912 4123 959 4177 per
988 4108 1054 4163 uod:
1065 4112 1172 4177 propter
1183 4106 1265 4174 quid?
1283 4105 1318 4158 La·
1337 4133 1349 4144 ·

256 4183 322 4231 stur.
339 4176 457 4239 sortasse
469 4183 576 4231 taam
594 4176 785 4247 propterquod
798 4177 855 4246 130
872 4124 1110 4247 iniquissime!
1123 4174 1157 4230 3²
1174 4173 1303 4244 contult!
1334 4175 1349 4227 3

205 4259 216 4266 ··
258 4248 346 4302 natio
360 4245 366 4317 Ι
380 4248 455 4301 Enni
472 4251 545 4315 trag.
563 4249 613 4302 201
651 4287 657 4299 .
915 4279 918 4286 ·
1155 4265 1157 4270 ·
1209 4286 1211 4292 .
1251 4285 1256 4300 t
