3417 4934
766 462 921 517 sarthae
1335 464 1376 523 23

261 641 287 693 'L
299 635 446 716 concepti
460 635 535 712 sint;
550 643 730 716 temptemus
744 643 854 711 umen,
869 636 894 698 si
910 638 1006 701 adhuc
1020 636 1141 700 sorbilia
1155 638 1246 701 sunt.’
1270 639 1378 721 accipi·
1400 651 1416 699 6

299 740 370 784 mus
395 740 452 784 nos
469 720 634 784 cochlearia
649 740 709 783 non
726 721 826 783 minus
841 722 964 785 selibras
979 724 1141 804 pendentia
1156 743 1269 806 ovaque
1283 744 1320 787 ex
1335 727 1379 788 la·

301 809 369 870 rina
393 808 498 887 pingui
519 808 644 887 figurata
666 807 884 888 pertundimus.
921 827 977 889 ego
995 809 1120 890 quidem
1147 829 1242 891 paene
1267 812 1416 892 proiecit

302 903 421 974 partem
436 910 543 974 meam,
559 911 628 955 nam
643 893 796 955 videbatur
811 893 883 955 mihi
898 893 956 956 iam
972 895 1002 956 in
1019 895 1134 975 pullum
1147 897 1251 959 coisse.
1273 897 1382 959 deinde
1403 906 1418 956 8

274 990 336 1043 aut
350 980 451 1043 audivi
466 988 596 1041 veterem
612 978 779 1040 convivam:
802 979 861 1041 ‘hic
884 980 985 1042 nescio
1008 981 1079 1061 quid
1099 980 1172 1043 honi
1193 980 1282 1044 dehet
1296 982 1380 1058 esse'‚

305 1074 481 1147 persecutus
496 1072 636 1145 putamen
653 1082 744 1126 mauu
760 1064 983 1144 pinguissimam
999 1067 1154 1129 ficedulam
1174 1068 1275 1130 inveni
1295 1069 1381 1150 pipe-

304 1162 365 1216 rato
380 1151 480 1213 vitello
496 1150 718 1212 circumdatam.

387 1238 447 1301 iam
470 1235 650 1298 Trimalchio
671 1234 773 1297 eadem
795 1236 895 1297 omnia
915 1237 984 1300 lusu
1009 1237 1178 1300 intermisso
1202 1234 1434 1319 poposcerat34

305 1324 475 1403 laceratque
496 1329 672 1403 potestatem
696 1321 774 1383 clara
789 1339 870 1393 voce,
892 1322 917 1384 si
933 1323 1000 1401 quis
1015 1332 1150 1386 nostrum
1173 1324 1281 1386 iterum
1296 1325 1384 1386 vellet

273 1413 293 1468 u
308 1408 436 1471 mulsum
451 1425 580 1480 sumere,
603 1425 671 1469 cum
686 1405 787 1469 subito
802 1408 921 1487 signum
936 1409 1112 1489 symphonia
1127 1409 1215 1472 datur
1236 1420 1265 1472 et
1283 1419 1383 1490 gusta·

307 1494 379 1557 toria
395 1493 510 1575 pariter
524 1511 540 1554 a
556 1493 649 1554 choro
664 1501 803 1553 cantante
819 1493 987 1572 rapiuntur.
1017 1504 1150 1556 ceterum
1172 1495 1252 1557 inter
1272 1496 1384 1558 tumul·
1406 1504 1420 1554 a

307 1590 366 1642 tum
382 1598 453 1642 cum
470 1579 548 1640 forte
562 1578 699 1660 paropsis
715 1578 873 1640 excidisset
893 1586 924 1639 et
942 1598 1018 1659 puer
1039 1581 1186 1642 iacentem
1207 1581 1383 1656 sustulisset,

308 1664 513 1729 animadvertit
526 1663 706 1726 Trimalchio
721 1664 915 1744 colaphisque
930 1665 1081 1745 obiurgari
1098 1684 1223 1745 puerum
1245 1683 1280 1729 ac
1301 1666 1384 1748 proi-

307 1770 371 1813 cere
387 1768 495 1813 rursus
509 1748 699 1830 paropsidem
715 1748 809 1810 iussit.
840 1749 1000 1813 insecutus
1021 1759 1067 1813 est
1088 1751 1256 1814 lecticarius
1277 1770 1383 1831 argen·
1406 1763 1422 1811 3

261 1835 300 1894 lla
310 1845 434 1917 tumque
445 1834 645 1913 interreliqua
657 1836 963 1916 purgamentapcopis
974 1837 1226 1917 coepiteverrere.
1240 1834 1245 1921 Ι
1259 1836 1386 1900 subinde
1408 1846 1423 1895 t

307 1923 493 1986 intraverunt
507 1922 567 1982 duo
583 1918 743 1998 Aethiopes
764 1920 892 2001 capillati
911 1939 979 1983 cum
1001 1922 1115 2001 pusillis
1135 1924 1261 1997 utribus,
1284 1923 1387 2002 quales

307 2008 404 2072 solent
424 2025 490 2070 csse
510 2006 563 2085 qui
584 2006 724 2068 harenam
745 2006 776 2066 in
800 2006 1017 2085 amphitheatro
1043 2018 1198 2089 spargunt,
1225 2010 1386 2088 vinumque

306 2093 415 2157 dedere
429 2093 462 2154 in
478 2110 601 2169 manus3
616 2109 723 2171 aquam
737 2092 818 2154 enim
834 2110 923 2153 nemo
938 2094 1080 2173 porrexit.

262 2189 298 2243 tlt
387 2176 393 2255 Ι
412 2178 549 2240 laudatus
563 2186 688 2257 propter
703 2177 864 2257 elegantias
880 2177 1019 2241 dominus
1031 2179 1288 2260 ‘aequum’inqnit
1300 2179 1388 2241 ‘Mars
1410 2188 1424 2235 5

269 2271 396 2327 hamat
434 2264 535 2342 itaque
555 2262 627 2324 iussi
647 2281 730 2324 suam
753 2263 861 2342 cuique
884 2282 1018 2325 mensam
1044 2265 1199 2345 assignari.
1236 2264 1333 2327 ohiter
1358 2276 1388 2325 et

306 2349 486 2432 putidissimi
501 2348 576 2410 servi
593 2348 740 2409 minorem
757 2347 845 2411 nohis
864 2359 979 2411 aestum
995 2351 1161 2429 frequentia
1182 2370 1235 2413 sua
1258 2350 1387 2413 lacient’.

391 2434 491 2498 statim
513 2434 617 2495 allatae
638 2442 710 2496 sunt
736 2435 896 2514 amphorae
922 2435 1031 2499 vitreae
1056 2435 1213 2515 diligenter
1239 2447 1387 2518 gypsatae‚
1410 2442 1425 2491 6

307 2539 435 2602 quarum
450 2520 482 2581 in
501 2517 667 2582 cervicibus
681 2519 801 2599 pittacia
823 2530 910 2581 erant
930 2522 1016 2582 allixa
1039 2540 1106 2583 cum
1128 2522 1187 2583 hoc
1202 2521 1304 2583 titulo:
1321 2522 1387 2583 ‘Ta-

306 2608 425 2670 lernum
442 2605 634 2686 Opimianum
649 2623 797 2667 annorum
814 2604 956 2667 centum?
993 2606 1065 2667 dum
1080 2607 1182 2669 titulos
1198 2607 1388 2687 perlegimus,
1410 2615 1424 2664 t

261 2703 289 2754 25
309 2691 471 2773 complosit
484 2691 663 2753 Trimalchio
684 2709 790 2752 manus
806 2700 836 2752 et
855 2690 951 2751 ‘cheu’
971 2690 1071 2771 inquit
1092 2697 1175 2772 ‘ergo
1194 2692 1306 2754 diutius
1321 2693 1390 2753 vivit

268 2786 294 2837 Η
309 2775 314 2863 l
331 2780 437 2841 vinum
460 2794 550 2857 quam
572 2777 745 2839 homuncio.
781 2795 874 2857 quaro
895 2786 1091 2856 tangomenas
1113 2777 1264 2839 iaciamus.
1300 2779 1358 2840 vita
1383 2774 1387 2860 l

261 2870 294 2924 'IL
307 2865 409 2927 vinum
432 2872 487 2926 est
524 2880 627 2924 verum
643 2862 835 2942 Opimianum
857 2874 986 2942 praesto.
1022 2863 1087 2924 heri
1109 2882 1172 2924 nou
1194 2872 1254 2925 tam
1274 2864 1387 2925 bonum

307 2950 405 3032 posui,
422 2958 453 3011 et
467 2948 562 3010 multo
577 2947 766 3010 honestiores
781 2947 951 3010 cenahant’
980 2949 1154 3029 potantibus
1168 2968 1239 3030 ergo
1257 2948 1345 3011 nohis
1360 2960 1389 3010 et
1410 2955 1426 3006 8

307 3034 529 3099 accuratissima
539 3033 668 3096 hutitias
679 3033 855 3097 mirantibus
868 3034 979 3096 laruam
991 3044 1160 3113 argenteam
1176 3034 1273 3097 attulit
1287 3054 1389 3098 servus

261 3134 287 3183 30
308 3123 353 3185 sic
368 3130 508 3202 aptatam,
524 3129 558 3181 ut
572 3119 687 3184 articuli
703 3119 767 3181 eius
777 3119 992 3199 vertebraeque
1006 3120 1123 3183 luxatae
1138 3121 1169 3182 in
1185 3139 1305 3183 omnem
1320 3139 1388 3201 par-

307 3217 369 3270 tem
395 3208 599 3269 flecterentur.
636 3205 713 3266 hanc
739 3223 808 3267 cum
833 3224 927 3285 super
952 3224 1086 3268 mensam
1108 3206 1200 3270 semel
1221 3207 1389 3285 iterumque
1411 3212 1426 3261 9

307 3292 475 3366 abiecisset,
497 3299 527 3353 et
545 3290 693 3352 catenatio
712 3290 830 3353 mobilis
851 3292 965 3371 aliquot
984 3292 1095 3371 figuras
1117 3293 1306 3373 exprimeret,
1321 3291 1388 3353 Tri-

306 3378 443 3440 malchio.
452 3376 572 3439 adiecit:

418 3463 507 3525 ‘eheu
523 3481 580 3524 nos
594 3461 729 3535 miseros,
746 3479 835 3541 quam
850 3468 931 3523 totus
945 3461 1108 3524 homuncio
1125 3462 1168 3524 nil
1183 3472 1236 3525 est.
1413 3468 1440 3517 1⁰

261 3562 288 3613 35
419 3549 464 3612 sic
478 3547 589 3610 crimus
604 3547 715 3621 cuncti,
730 3557 888 3627 postquam
904 3566 960 3609 nos
974 3548 1090 3611 auferet
1105 3547 1210 3611 Orcus.

403 3688 406 3695 .
464 3651 537 3713 ergo
551 3632 690 3707 vivamus,
707 3632 777 3694 dum
792 3632 864 3695 licat
878 3651 943 3694 esse
957 3631 1055 3695 bene!

394 3719 595 3781 laudationem
612 3718 757 3780 torculum
773 3728 818 3780 est
833 3719 1001 3780 insecutum
1016 3718 1105 3800 plane
1121 3738 1183 3781 non
1203 3737 1258 3799 pro
1279 3734 1385 3797 expec-
1397 3709 1439 3776 35

305 3806 590 3885 tationemagnum3
607 3804 720 3866 novitas
732 3815 829 3865 tamen
843 3805 977 3865 omnium
990 3805 1137 3868 convertit
1148 3806 1260 3868 oculos.
1284 3812 1389 3864 rotun·
1410 3810 1425 3859 2

400 3978 410 4027 l
432 3978 556 4041 concepta
576 3972 649 4041 hllt
668 3972 729 4024 mihi
747 3987 797 4023 om.
811 3973 836 4022 H
852 3972 862 4039 Ι
884 3975 913 4025 ta
931 3973 1066 4038 obiurgare
1085 3974 1106 4024 h
1125 3973 1135 4041 Ι
1155 3977 1186 4026 tt
1204 3973 1389 4040 insecutusque

307 4040 1392 4178 ⁶-¹·⁸”asseculantur‘aalulla‘alttulseunils

307 4126 508 4233 :lccmirattssine
526 4125 698 4243 feuradssine
718 4178 753 4239 11)
771 4183 820 4228 aot
837 4176 926 4229 attolit
954 4178 1114 4230 collocatum
1138 4182 1169 4229 in
1187 4180 1264 4229 libris
1287 4177 1297 4244 ll
1311 4126 1347 4229 ὃς
1362 4183 1391 4230 ut

309 4248 447 4315 lahaim!
461 4250 493 4301 al
512 4246 656 4300 insecutum
675 4250 715 4299 est
733 4246 755 4297 h
1088 4276 1091 4282 ·
