3417 4934
610 488 612 494 ⁸
622 467 828 524 FRAGMENTA

659 639 799 704 XXXVI*

289 742 388 805 militis
404 742 435 803 in
451 743 534 823 gale‘a
549 743 652 805 nidum
667 744 766 805 fecere
782 743 953 806 columbae:
1017 785 1019 790 -

329 838 463 909 apparet,
478 828 565 890 Marti
580 847 667 908 quam
683 830 722 891 sit
736 830 828 890 amica
844 827 946 893 Venus

651 963 805 1026 XXXVII*

290 1066 419 1152 Iudaeus·
429 1065 500 1128 licet
517 1074 547 1128 et
560 1066 721 1147 porcinum
738 1085 850 1128 numen
867 1066 972 1142 adoret

329 1161 361 1213 et
375 1151 450 1214 caeli
464 1169 595 1214 summas
610 1151 733 1214 advocet
747 1152 906 1228 auriculas,

291 1238 321 1299 ni
335 1247 435 1299 tamen
452 1246 483 1300 st
497 1238 577 1298 ferro
592 1237 754 1300 succiderit
769 1237 902 1317 inguinis
917 1255 1000 1299 oram

331 1330 361 1384 et
375 1323 434 1384 nisi
450 1323 595 1384 nodutum
610 1324 731 1385 solverit
745 1332 808 1385 arte
823 1331 922 1402 caput,

241 1413 247 1459 t
290 1416 444 1489 exemptus
459 1408 572 1489 populo
588 1408 674 1470 Graia
689 1408 828 1487 migrabit
841 1407 880 1469 ab
895 1409 970 1470 urbe

330 1503 360 1556 ct
375 1513 437 1556 non
452 1494 554 1556 ieiuna
567 1492 689 1555 sabbata
705 1494 770 1574 lege
786 1501 902 1574 premet

291 1664 349 1707 una
364 1655 410 1709 cst
424 1645 565 1709 nobilitas
579 1655 851 1726 argumentumque
866 1645 975 1708 coloris

332 1732 468 1812 ingenui,
483 1731 601 1794 timidas
615 1750 678 1793 non
694 1732 833 1794 habuisse
848 1749 956 1793 manus

280 1831 294 1881 3
311 1845 379 1883 aram
394 1831 434 1897 14
451 1834 478 1883 et
496 1830 547 1882 sibi
565 1834 670 1884 conieci

647 1968 813 2030 XXXVIII*

290 2070 366 2133 lecto
382 2071 567 2152 compositus
582 2072 630 2132 vix
644 2072 742 2151 prima
757 2070 875 2133 silentia
890 2070 989 2133 noctis

332 2155 493 2237 carpebam
508 2164 538 2217 ct
552 2175 661 2218 somno
676 2157 789 2219 lumina
804 2156 879 2218 victa
895 2156 1011 2230 dabam,

289 2261 357 2304 cum
374 2260 421 2304 mc
437 2261 542 2304 saevus
556 2244 649 2304 Amor
662 2259 807 2322 prensum
823 2241 1001 2321 vulsumque
1016 2240 1132 2320 capillis

332 2327 441 2390 excitat
455 2336 485 2389 et
498 2327 630 2390 lacerum
645 2327 821 2410 pervigilare
834 2325 928 2390 iubet.

241 2420 248 2463 ὐ
290 2416 332 2475 ‘tu
346 2413 477 2476 famulus
490 2412 585 2476 msus’
601 2414 699 2493 inquit
713 2418 804 2474 ‘ames
818 2429 887 2474 cum
903 2411 984 2473 mille
999 2410 1123 2492 puellas,

331 2498 423 2574 solus,
438 2499 478 2573 io,
494 2498 585 2574 solus,
600 2499 683 2573 dure,
699 2498 797 2560 iacere
811 2505 898 2574 potes
904 2494 929 2557 i’

290 2584 393 2647 exsilio
409 2583 583 2666 etpedibus
598 2584 688 2646 nudis
702 2583 865 2661 tunicaque
879 2581 976 2644 soluta

332 2687 424 2731 omne
438 2670 496 2731 iter
509 2668 649 2749 impedio,
665 2668 780 2731 nullum
797 2667 853 2729 iter
869 2667 1005 2746 expedio.

291 2773 373 2817 nunc
388 2772 531 2836 propero,
548 2772 632 2817 nunc
646 2756 691 2817 ire
706 2754 798 2834 piget,
813 2770 996 2832 rursumque
1011 2751 1113 2814 redire

241 2846 253 2897 t
333 2840 476 2922 paenitet,
492 2848 523 2902 et
536 2839 635 2920 pudor
649 2849 695 2903 est
709 2848 788 2901 stare
802 2838 848 2899 via
863 2838 970 2900 media.

290 2943 360 2987 ecce
375 2933 477 2987 tacent
491 2943 579 2987 voces
594 2925 750 2987 homInum
766 2924 969 3004 strepitusque
984 2922 1096 2985 riarum

333 3019 363 3072 et
376 3011 533 3073 volucrum
549 3018 656 3073 cantus
670 3010 818 3090 turbaque
832 3009 891 3070 fida
906 3025 1030 3072 canum:

289 3096 371 3158 solus
387 3115 443 3176 ego
459 3115 495 3158 er
511 3096 630 3157 cunctis
644 3114 737 3175 paveo
753 3112 954 3173 somnumque
968 3101 1130 3173 torumque

333 3189 363 3242 et
378 3200 490 3261 sequor
504 3181 674 3262 imperium,
690 3199 799 3263 magne
815 3179 941 3261 Cupido,
955 3188 1040 3242 tuum

276 3282 291 3333 3
310 3295 464 3350 sursumque
480 3282 490 3348 l
509 3284 524 3333 8
541 3279 673 3348 ingredior
698 3279 803 3332 literius
820 3278 831 3337 ΙΙ
849 3281 880 3333 13
899 3294 975 3333 carco
997 3290 1141 3346 somnoque
1163 3278 1274 3345 toroque

241 3349 359 3401 uadem

642 3433 821 3496 XXXVIIII*

290 3538 329 3601 sit
343 3556 405 3600 nox
418 3538 469 3600 illa
482 3537 534 3601 diu
549 3536 638 3600 nobis
653 3536 769 3611 dilecta,
785 3535 902 3608 Nealce,

334 3632 457 3705 quaele
472 3627 568 3705 prima
582 3641 649 3684 mco
665 3629 788 3702 pectore
803 3619 988 3702 composuit:

291 3709 329 3772 sit
343 3718 428 3771 torus
443 3718 473 3770 et
487 3709 555 3771 lecti
571 3708 678 3789 genius
692 3716 867 3786 secretaque
881 3706 982 3784 longa,

335 3795 402 3874 quis
417 3804 520 3856 tenera
535 3795 566 3855 iu
582 3802 721 3856 nostrum
736 3792 854 3854 veneris
870 3791 1035 3853 arbitrium.

241 3890 251 3940 t
292 3899 365 3961 crgo
381 3898 435 3959 age
450 3879 602 3954 duremus,
619 3878 753 3958 quamvis
769 3877 931 3939 adoleverit
945 3884 1036 3950 aetas,

335 3975 514 4045 utamurque
530 3965 617 4027 annis
633 3982 709 4044 quos
723 3981 807 4025 mora
821 3982 911 4043 parva
925 3970 1011 4027 teret

291 4051 337 4113 las
351 4062 381 4113 et
395 4052 460 4113 iura
475 4051 580 4114 sinunt
593 4059 708 4111 veteres
723 4049 884 4111 extendere
899 4065 1032 4124 amores;

279 4219 295 4271 6
313 4137 385 4273 telact
397 4137 457 4199 cito
474 4136 554 4217 quod
569 4143 710 4217 coeptum
726 4143 780 4210 est,
797 4152 859 4197 non
876 4134 934 4195 cito
950 4132 1087 4195 desinere

339 4234 372 4272 lle
