3417 4934
752 486 908 543 SATVRAE

496 664 567 727 artis
581 679 700 726 severae
714 662 739 725 si
755 662 822 742 quis
836 662 928 724 ambit
942 663 1066 725 effectus

497 757 688 828 mentemque
704 748 820 828 magnis
835 748 971 829 applicat,
987 748 1072 829 prius
1085 766 1185 811 mores

496 833 670 915 frugalitatis
685 833 749 913 lege
764 834 858 915 poliat
872 843 983 896 erecta.

498 941 555 984 neo
570 929 656 983 curet
668 919 727 981 alto
743 920 854 1001 regiam
869 930 984 982 trucem
1001 919 1082 981 vultu

498 1008 626 1070 cliensve
642 1024 732 1069 cenas
747 1006 956 1086 impotentium
972 1013 1079 1086 captet,

499 1111 556 1155 nec
571 1091 695 1173 perditis
710 1091 843 1155 addictus
859 1092 967 1154 obruat
981 1092 1050 1153 vino

498 1178 606 1241 mentis
621 1178 761 1252 calorem,
777 1197 852 1240 neve
867 1178 989 1258 plausor
1003 1177 1034 1240 in
1050 1195 1188 1240 scaenam

497 1264 597 1327 sedeat
610 1263 783 1343 redemptus
796 1264 950 1326 histrionis
964 1264 1000 1325 ad
1016 1263 1115 1329 rictus

449 1350 500 1413 sed
516 1350 576 1413 sive
591 1349 753 1428 armigerae
767 1349 868 1412 rident
882 1349 1045 1411 Tritonidis
1059 1367 1153 1424 arces,

449 1455 503 1498 seu
516 1435 752 1498 Lacedaemonio
767 1436 855 1498 tellus
871 1435 998 1497 habitata
1014 1434 1123 1497 colono

449 1522 623 1585 Sirenumve
639 1521 754 1595 domus,
770 1521 820 1582 det
834 1522 949 1602 primos
963 1520 1096 1583 versibus
1112 1540 1207 1584 annos

449 1606 678 1686 Maeoniumque
693 1605 776 1668 bibat
791 1607 868 1669 felici
884 1615 1006 1688 pectore
1021 1608 1146 1669 fontem.

448 1711 518 1755 mox
533 1700 563 1755 et
577 1692 728 1755 Socratico
745 1692 852 1772 plenus
867 1711 958 1776 grege
972 1694 1069 1755 mittat
1083 1692 1213 1755 habenas

448 1779 524 1841 liber
540 1786 570 1840 et
583 1778 715 1858 ingentis
731 1779 843 1857 quatiat
859 1780 1066 1842 Demosthenis
1082 1798 1171 1841 arrna.

447 1865 519 1926 bino
534 1863 667 1925 Romana
684 1882 789 1926 manus
805 1866 990 1929 circumfluat
1005 1876 1035 1928 et
1049 1864 1139 1927 modo
1156 1864 1243 1926 Graio

448 1960 608 2012 exonerata
623 1969 697 2011 sono
713 1959 808 2012 mutet
822 1952 932 2014 suffusa
949 1970 1096 2031 saporem.

449 2036 599 2099 interdum
615 2034 761 2098 subducta
777 2037 843 2099 foro
859 2038 909 2099 det
924 2038 1032 2119 pagina
1048 2056 1167 2100 cursum

450 2131 479 2184 et
495 2124 616 2184 fortuna
631 2130 718 2184 sonet
733 2123 822 2184 celeri
838 2124 976 2186 distincta
993 2133 1091 2186 meatu

448 2208 522 2269 dent
536 2207 640 2288 epulas
654 2215 685 2269 et
699 2207 775 2270 bella
791 2210 869 2270 truci
885 2219 1048 2272 memorata
1064 2228 1173 2271 canore

449 2293 633 2373 grandiaque
648 2293 785 2356 indomiti
801 2293 954 2358 Ciceronis
969 2295 1058 2356 verba
1074 2296 1214 2356 minetur.

448 2379 496 2443 bis
510 2379 642 2441 animum
658 2380 800 2459 succinge
815 2380 918 2444 bonis:
935 2382 977 2444 sic
993 2382 1116 2443 flumine
1131 2380 1214 2460 largo

451 2466 558 2545 plenus
573 2464 671 2526 Pierio
687 2466 832 2528 defundes
847 2476 971 2547 pectore
985 2466 1094 2529 verba.'

340 2550 411 2613 dum
425 2550 509 2613 bunc
523 2550 693 2630 diligentius
708 2550 804 2624 audio,
821 2571 883 2613 non
901 2554 999 2614 notavi
1016 2553 1087 2614 mibi
1103 2551 1212 2632 Ascylti
1230 2551 1330 2631 lugam
1395 2545 1417 2613 6

299 2643 328 2700 ct
341 2637 413 2700 dum
428 2636 461 2698 in
476 2636 533 2698 boc
549 2636 695 2698 dictorum
712 2645 795 2698 aestu
810 2637 841 2697 in
857 2637 952 2700 bortis
966 2638 1084 2711 incedo,
1100 2638 1207 2717 ingens
1221 2635 1376 2698 scholasti·

254 2732 279 2784 tt
297 2741 401 2786 corum
423 2721 511 2784 turba
533 2721 564 2783 in
586 2722 735 2803 porticum
757 2722 847 2798 venit,
874 2734 908 2785 ut
929 2722 1098 2804 apparebat,
1124 2722 1161 2784 ab
1184 2721 1375 2801 extemporali

301 2808 517 2872 declamatione
532 2807 634 2870 nescio
651 2807 744 2885 cuius,
761 2808 812 2888 qui
827 2810 1059 2888 Agamemnonis
1073 2808 1235 2871 suasoriam
1251 2825 1376 2887 excepe-

297 2903 352 2958 rat.
383 2894 454 2957 dum
470 2912 542 2974 ergo
557 2894 681 2956 iuvenes
696 2894 860 2957 sententias
875 2895 975 2958 rident
990 2895 1185 2974 ordinemque
1205 2894 1296 2955 totius
1317 2894 1378 2955 dic·
1401 2904 1415 2953 t

297 2980 389 3044 tionis
405 2980 559 3055 infamant,
576 2988 748 3061 opportune
763 2979 891 3043 subduxi
908 2993 1001 3044 meet
1020 2982 1131 3043 cursim
1146 2980 1286 3061 Ascylton
1308 2997 1377 3059 per-

297 3065 383 3147 sequi
399 3065 496 3146 ooepi.
526 3065 578 3127 sed
594 3083 651 3127 nec
666 3066 741 3127 viam
763 3066 921 3146 diligenter
942 3066 1080 3130 tenebam
1103 3061 1196 3152 [quia]
1219 3084 1276 3127 neo
1299 3066 1377 3144 quod
1399 3076 1414 3124 3

250 3163 278 3214 30
297 3151 448 3216 stabulum
471 3159 549 3213 esset
570 3150 709 3213 sciebam.
754 3152 853 3231 itaque
877 3171 1058 3232 quocunque
1080 3152 1181 3227 ieram,
1204 3152 1308 3213 eodem
1330 3169 1377 3212 re·
1400 3161 1415 3209 t

300 3236 447 3312 vertebar,
468 3236 564 3299 donee
580 3244 610 3298 et
625 3255 714 3299 cursu
729 3238 867 3317 fatigatus
882 3247 912 3299 et
926 3239 1036 3300 sudore
1050 3240 1109 3299 iam
1125 3238 1246 3300 madens
1269 3237 1378 3299 accedo

298 3323 448 3386 aniculam
465 3322 625 3402 quandam,
648 3342 723 3403 quae
743 3332 859 3401 agreste
880 3323 967 3385 holus
988 3323 1144 3398 vendebat,
1167 3331 1197 3385 et
1217 3322 1310 3403 ‘rogo’
1331 3323 1377 3384 in·
1401 3318 1419 3387 7

299 3427 392 3490 quam
414 3414 529 3489 ‘maten
552 3409 697 3488 numquid
714 3409 771 3471 scis
786 3408 837 3471 ubi
853 3428 909 3489 ego
925 3408 1083 3471 habitem‘l’
1113 3409 1256 3471 delectata
1271 3417 1317 3472 est
1330 3409 1378 3470 illa

300 3494 471 3558 urbanitate
487 3502 545 3555 tam
561 3494 649 3557 stulta
669 3504 699 3555 et
714 3495 827 3574 ‘quidni
849 3494 973 3557 sciam‘i’
1002 3495 1109 3576 inquit,
1132 3495 1378 3576 consurrexitque

250 3593 280 3644 35
301 3589 332 3644 et
347 3580 449 3662 coepit
464 3598 511 3641 me
527 3582 716 3660 praeoedere.
747 3580 875 3641 divinam
891 3599 947 3660 ego
963 3581 1103 3663 putabam
1119 3590 1149 3643 et
1402 3590 1416 3639 2

388 3665 517 3729 subinde
532 3676 565 3728 ut
580 3667 611 3728 in
628 3667 727 3728 locum
748 3667 941 3730 secretiorem
956 3668 1101 3743 venimus,
1123 3675 1283 3729 centonem
1305 3682 1380 3725 anus

300 3752 417 3816 urbana
432 3752 536 3814 reiecit
551 3756 580 3814 et
596 3750 662 3813 ‘bic'
677 3752 775 3831 inquit
790 3751 891 3815 ‘debes
904 3752 1057 3816 babitare’.
1084 3771 1152 3815 curn
1168 3770 1224 3832 ego
1239 3767 1380 3830 negarem
1402 3762 1417 3811 3

301 3856 351 3901 me
373 3856 538 3918 agnoscere
560 3838 690 3913 domum,
717 3838 800 3900 video
828 3839 970 3918 quosdam
997 3840 1076 3901 inter
1099 3839 1202 3901 titulos
1227 3836 1380 3915 nudasque

393 4078 407 4130 l
426 4080 495 4127 amnt
506 4074 516 4143 ΙΙ
530 4078 546 4129 3
565 4075 662 4143 polleat
674 4074 684 4141 ΙΙ
698 4077 711 4126 7
731 4089 807 4126 scena
820 4073 830 4142 ss
844 4074 986 4128 Sbistrioni
996 4074 1114 4128 addictus
1127 4074 1137 4142 l
1151 4076 1181 4127 11
1196 4072 1364 4139 Sirennmque
1373 4070 1383 4141 11

305 4147 339 4199 16
357 4148 458 4197 mutent
475 4145 590 4196 Haaeius
601 4143 611 4212 ΙΙ
628 4147 657 4196 17
675 4158 778 4195 versum
796 4143 921 4195 Heinsius
933 4144 943 4211 Ι
957 4147 989 4198 18
1006 4144 1116 4196 fraterna
1134 4148 1161 4192 et
1182 4140 1287 4196 liidoua
1301 4145 1383 4208 tamp-

303 4216 363 4266 aava
374 4213 387 4281 Ι
399 4214 432 4266 20
450 4214 578 4266 minentur
590 4212 600 4280 l
614 4214 648 4265 24
665 4212 714 4265 boc
726 4216 799 4265 aestu
811 4227 896 4265 rernm
908 4217 994 4265 motus
1005 4212 1097 4265 incedo
1106 4211 1250 4264 Bmmsa's
1263 4209 1273 4277 11
1286 4212 1319 4263 29
1331 4226 1383 4277 quo
1447 4231 1450 4238 .

304 4281 450 4335 stabulum:
469 4284 596 4334 namatio
614 4285 753 4348 amputata
