3417 4934
336 482 356 540 8
798 482 951 539 Puruouu

336 676 397 719 non
418 665 463 720 est
477 657 626 720 maculosa
642 675 698 718 nec
715 657 841 736 turgida,
859 659 910 719 sed
927 656 1053 719 naturali
1067 656 1290 737 pulchritudine
1305 669 1456 722 emur-Le

297 754 310 803 7
334 743 386 822 git.
421 761 519 823 nuper
533 752 655 805 ventosa
671 743 760 805 istaec
776 752 806 803 et
821 743 952 805 enormis
967 743 1131 822 loquacitas
1145 743 1276 807 Athenas
1291 764 1327 807 ex
1342 746 1410 808 Asia

334 829 536 908 commigravit
564 829 739 908 animosque
768 829 907 891 iuvenum
937 830 973 891 ad
1000 846 1108 907 magna
1135 839 1292 908 surgentes
1319 832 1408 893 veluti

334 914 484 995 pestilenti
506 914 634 994 quodam
649 915 746 977 sidere
762 914 879 989 afflavit,
902 914 1052 995 semelque
1067 923 1207 995 corrupta
1223 916 1323 996 regula
1346 918 1409 978 elo·

295 1008 311 1059 8
334 1001 456 1080 quentia
471 1001 552 1062 stetit
567 1008 597 1062 et
612 999 772 1067 obmutuit.
795 1000 831 1062 ad
847 1020 1002 1077 summam,
1018 1000 1085 1080 quis
1100 1010 1203 1081 postea
1219 1001 1408 1084 Thucydidis,
1432 1016 1447 1063 5

334 1086 399 1166 quis
415 1085 573 1167 Hyperidis
587 1086 623 1147 ad
639 1088 746 1148 lamam
761 1085 928 1168 processit?
959 1106 994 1148 ac
1009 1105 1049 1148 ne
1064 1104 1185 1148 carmen
1202 1087 1321 1167 quidem
1344 1090 1407 1150 sani

333 1172 442 1234 coloris
457 1171 573 1251 enituit,
589 1171 641 1234 sed
657 1173 755 1234 omnia
771 1173 856 1252 quasi
872 1174 976 1235 eodem
992 1172 1058 1234 cibo
1075 1181 1157 1253 pasta
1169 1192 1230 1234 non
1243 1182 1409 1253 potuerunt

294 1266 309 1316 9
332 1257 478 1337 usquead
494 1266 679 1320 senectutem
696 1277 865 1321 canescere.
899 1258 1015 1339 pictura
1031 1277 1151 1338 quoque
1168 1278 1228 1320 non
1245 1259 1333 1320 alium
1350 1261 1409 1321 exi·

331 1351 394 1406 tum
406 1343 485 1419 lecit,
497 1352 655 1425 postquam
668 1344 882 1427 Aegyptiorum
895 1344 1016 1407 audacia
1026 1353 1086 1406 tam
1102 1362 1225 1425 magnae
1240 1345 1311 1407 ortis
1325 1365 1406 1408 com-

330 1430 515 1510 pendiariam
534 1423 665 1492 invenit?
1431 1443 1456 1493 10

292 1511 315 1578 3
416 1534 477 1576 non
491 1524 536 1577 est
547 1533 653 1595 passus
660 1516 866 1595 Agamemnon
878 1535 926 1578 me
938 1514 1049 1577 diutius
1060 1514 1224 1577 declamare
1236 1514 1266 1575 in
1279 1515 1406 1595 porticu,

331 1620 419 1680 quam
435 1601 500 1681 ipse
516 1600 546 1661 in
563 1602 663 1663 schola
679 1604 842 1676 sudaverat,
865 1602 917 1664 sed
931 1596 1126 1664 ‘adulescens'
1141 1601 1239 1681 inquit
1254 1600 1405 1680 ‘quoniam

329 1705 498 1749 sermonem
523 1686 614 1749 habes
637 1706 698 1748 non
722 1687 834 1768 publici
857 1688 972 1768 saporis
994 1696 1034 1763 et,
1057 1687 1137 1767 quod
1153 1687 1335 1749 rarissimum
1351 1697 1405 1761 est,

293 1783 307 1833 t
328 1791 409 1835 amas
424 1772 534 1834 honam
550 1779 691 1848 mentem,
708 1793 768 1835 non
786 1772 929 1835 fraudabo
945 1782 974 1835 te
990 1783 1054 1835 arte
1069 1783 1191 1836 secreta.
1221 1772 1297 1834 nibil
1316 1773 1404 1834 nimi·

328 1877 396 1920 rum
411 1859 442 1920 in
458 1859 504 1920 his
520 1858 783 1922 exercitationibus
799 1859 938 1921 doctores
949 1866 1084 1940 peccant,
1100 1859 1151 1938 qui
1164 1877 1285 1921 necesse
1295 1859 1406 1920 habent
1429 1872 1455 1922 15

330 1964 397 2006 cum
414 1944 633 2007 insanientibus
649 1946 758 2007 furere.
797 1964 866 2007 nam
882 1944 940 2007 nisi
956 1945 1085 2007 dixerint
1101 1963 1176 2024 quae
1191 1944 1405 2007 adulescentuli

290 2040 304 2089 a
327 2031 467 2111 probent,
484 2039 516 2092 ut
524 2031 564 2091 ait
575 2030 688 2111 Cicero,
705 2031 779 2093 “soli
792 2032 823 2092 in
838 2030 949 2093 scholis
964 2029 1202 2110 relinquentur”.
1225 2031 1302 2092 sicut
1318 2025 1404 2116 [ficti]

327 2115 495 2178 adulatores
517 2134 584 2177 cum
608 2135 698 2178 cenas
720 2117 842 2178 divitum
865 2124 993 2197 captant,
1022 2116 1095 2177 nihil
1117 2116 1200 2196 prius
1223 2115 1405 2179 meditantur

327 2220 416 2281 quam
432 2201 462 2262 id
477 2201 557 2281 quod
579 2210 687 2282 putant
709 2202 909 2282 gratissimum
928 2200 1113 2263 auditoribus
1135 2202 1216 2262 iore:
1243 2219 1300 2262 nec
1323 2203 1403 2264 enim

326 2288 411 2349 aliter
432 2287 636 2367 impetrabunt
659 2289 739 2368 quod
761 2296 878 2368 petunt,
902 2288 959 2349 nisi
982 2287 1122 2367 quasdam
1145 2286 1267 2349 insidias
1284 2288 1406 2351 auribus
1427 2300 1456 2349 20

289 2383 304 2431 4
326 2374 470 2435 iecerint:
486 2373 528 2435 sic
540 2373 728 2454 eloquentiae
739 2374 890 2453 magister,
908 2372 965 2434 nisi
975 2381 1117 2453 tanquam
1128 2373 1259 2454 piscator
1270 2392 1335 2435 eam
1348 2375 1403 2435 im-

327 2460 461 2540 posuerit
474 2458 569 2521 hamis
584 2478 691 2535 escam,
714 2478 802 2538 quam
818 2459 919 2521 scierit
940 2460 1125 2539 appetituros
1147 2477 1212 2521 esse
1234 2459 1403 2540 pisciculos,

288 2539 390 2607 4sine
413 2565 465 2626 spe
488 2545 614 2625 praedae
635 2544 801 2607 morabitur
815 2545 846 2607 in
862 2545 996 2625 scopulo.
1032 2544 1104 2625 quid
1118 2562 1190 2625 ergo
1206 2542 1273 2607 est?
1294 2564 1403 2627 paren-

325 2640 370 2694 tes
386 2629 593 2709 obiurgatione
609 2630 691 2712 digni
705 2641 786 2707 sunt,
810 2630 862 2711 qui
878 2630 1111 2693 noluntliberos
1126 2650 1196 2693 suos
1214 2650 1316 2693 severa
1337 2632 1403 2709 lege

289 2726 303 2775 2
325 2719 483 2798 proficere.
517 2718 647 2798 primum
663 2718 743 2779 enim
759 2717 802 2778 sic
818 2728 852 2779 ut
867 2717 978 2792 omnia,
1000 2735 1069 2797 spes
1092 2736 1212 2797 quoque
1226 2736 1295 2780 suas
1310 2716 1404 2778 ambi·
1428 2730 1456 2779 25

327 2804 402 2865 tioni
417 2804 539 2865 donant.
563 2803 669 2865 deinde
685 2821 753 2864 cum
769 2801 806 2864 ad
821 2811 887 2863 vota
902 2811 1076 2882 properant,
1092 2801 1183 2865 cruda
1198 2803 1295 2865 adhuc
1309 2803 1406 2865 studia

327 2889 358 2950 in
382 2889 481 2950 lorum
503 2887 619 2968 pellunt
642 2899 673 2949 et
694 2888 906 2966 eloquentiam,
929 2906 987 2967 qua
1011 2886 1085 2948 nihil
1107 2906 1171 2949 esse
1194 2889 1288 2951 maius
1310 2890 1405 2951 conh-

290 2984 304 3032 3
327 2982 438 3047 tentur,
461 2973 562 3053 pueris
585 2973 715 3034 induunt
737 2972 833 3034 adhuc
856 2971 1059 3035 nascentibus.
1089 2974 1209 3053 quodsi
1231 2983 1408 3056 paterentur

327 3058 462 3122 laborum
477 3057 586 3137 gradus
601 3059 675 3133 lieri,
700 3067 732 3121 ut
747 3059 872 3121 studiosi
887 3058 1008 3121 iuvenes
1025 3059 1154 3121 lectione
1176 3079 1277 3122 severa
1299 3060 1404 3141 irriga·

327 3154 441 3220 rentur,
466 3153 499 3205 ut
517 3144 679 3223 sapientiae
700 3144 868 3225 praeceptis
883 3145 998 3207 animos
1013 3155 1239 3226 componerent,
1263 3155 1296 3208 ut
1317 3147 1405 3208 verba
1427 3162 1456 3212 st

328 3231 421 3292 atroci
437 3230 504 3292 stilo
521 3230 696 3306 effoderent,
718 3240 752 3292 ut
775 3231 854 3310 quod
870 3231 979 3292 vellent
1000 3231 1108 3293 imitari
1131 3231 1182 3293 diu
1203 3231 1350 3306 audirent,
1372 3241 1405 3294 ot

327 3317 531 3399 persuaderent
541 3315 597 3378 sibi
608 3316 683 3378 nihil
695 3335 760 3379 csse
773 3317 975 3397 magnificum,
986 3318 1065 3396 quod
1078 3317 1179 3397 pueris
1190 3317 1335 3397 placeret:
1347 3320 1403 3378 iam

290 3415 305 3463 4
327 3403 376 3465 illa
391 3403 513 3483 grandis
528 3402 622 3463 oratio
638 3401 764 3465 haberet
777 3402 937 3465 maiestatis
960 3421 1030 3464 suae
1053 3404 1183 3483 pondus.
1220 3421 1302 3465 nunc
1320 3405 1405 3484 pueri

328 3489 359 3549 in
375 3488 484 3550 scholis
500 3487 615 3564 ludunt,
631 3488 753 3550 iuvenes
768 3488 903 3550 ridentur
917 3489 948 3549 in
964 3489 1039 3565 foro,
1056 3498 1086 3550 et
1100 3488 1181 3568 quod
1196 3498 1326 3569 utroque
1342 3497 1405 3551 tur-

328 3574 396 3655 pius
419 3581 472 3650 est,
496 3575 575 3654 quod
599 3574 726 3655 quisque
742 3592 902 3655 perperam
918 3573 1029 3649 didicit,
1052 3575 1083 3635 in
1099 3583 1254 3638 senectute
1269 3576 1406 3637 confiteri
1429 3590 1456 3640 st

292 3672 306 3720 5
329 3680 390 3721 non
408 3660 477 3721 vult.
508 3659 559 3722 sed
577 3679 615 3722 ne
630 3680 678 3722 me
693 3670 781 3741 putes
796 3659 981 3740 improbasse
996 3660 1149 3722 schedium
1164 3660 1335 3723 Lucilianae
1349 3660 1405 3722 hu·

329 3746 469 3825 militatis,
484 3746 563 3825 quod
579 3747 684 3824 sentio,
701 3746 808 3827 etipse
823 3745 954 3807 carmine
970 3746 1125 3827 effingam:

415 3933 530 3984 bistaeo
549 3933 659 3983 omisere
678 3931 749 3997 0114
768 3930 932 3998 eloquentiae
949 3931 1037 3996 regula
1051 3931 1089 3997 lb
1108 3930 1152 3998 qni
1175 3932 1265 3997 postea
1285 3929 1317 3981 ad
1336 3945 1406 3983 surn-

329 4015 396 4051 mam
420 3999 583 4068 thueididisll
604 4002 635 4054 14
655 4000 786 4052 minimum
806 4016 860 4065 pro
878 3999 995 4052 nimirum
1016 3998 1191 4065 Gulistmml
1219 4000 1249 4050 to
1268 4013 1326 4050 nam
1347 4000 1405 4064 nisi]

329 4073 459 4136 quattuor
482 4085 550 4136 quas
573 4074 701 4120 secuntur
723 4068 849 4135 periodos
869 4071 900 4119 iro
921 4070 992 4120 buno
1015 4068 1137 4119 ordinem
1159 4066 1284 4118 redactos
1302 4085 1355 4119 sess
1372 4073 1406 4120 ab

329 4142 505 4203 epitomators
524 4138 655 4189 librorum
673 4137 804 4202 quosdam
822 4140 937 4202 vestigia
948 4139 1065 4203 probant
1077 4134 1087 4202 l
1101 4139 1131 4188 17
1145 4135 1233 4188 Cicero
1250 4151 1302 4202 pro
1316 4136 1406 4190 Coelio

327 4207 367 4271 47,
377 4206 415 4327 tib
421 4207 431 4273 ll
445 4208 481 4326 tp
490 4206 629 4327 ahmbitione
642 4205 652 4273 l
665 4206 696 4258 m
710 4206 848 4273 impellunt
858 4205 913 4273 LO,
924 4204 1074 4273 propellunt
1089 4203 1271 4257 Parnassum
1284 4204 1295 4273 Ι
1309 4208 1342 4259 28
1354 4204 1407 4258 dis·

327 4276 395 4326 senti
416 4291 447 4327 us
478 4292 494 4325 a
513 4278 577 4327 nius
